3875 5392
1816 315 2247 377 -26-

683 501 973 568 dilucido
1020 502 1347 567 Herodoti
1399 502 1768 566 testimonio
1825 502 1935 566 isti
1985 502 2452 567 obscuritatem
2510 502 2838 567 obducant
2895 503 3234 568 doctrinae
3282 505 3381 568 in-

688 614 882 679 certis
930 636 966 679 e
1015 613 1303 679 fontibus
1349 614 1626 679 haustae
1674 613 2131 700 discrepantiis
2180 619 2248 678 et
2293 614 2603 681 vanitate.

865 725 1213 793 Concessit
1246 733 1465 792 autem
1499 725 1784 811 benigne
1817 726 2006 790 nobis
2037 726 2320 809 fortuna,
2367 731 2439 789 ut
2483 728 2545 790 in
2580 726 2867 791 vasculis
2892 725 3135 791 Atticis
3169 727 3379 792 Hero-

684 818 839 902 doto
872 839 1069 924 longe
1093 839 1564 924 antiquioribus
1601 858 1832 902 revera
1864 837 2193 902 chitonem
2225 838 2409 903 illum
2433 837 2851 904 Hellenicum
2884 839 3020 903 sive
3040 838 3377 920 Doricum,

850 953 852 957 ’
1182 955 1254 1014 ut
1296 948 1621 1015 Herodoti
1669 954 1889 1014 aetate
1935 949 2266 1032 audiebat,
2313 950 2608 1015 invenire
2660 951 2999 1036 possimus.
3077 950 3156 1014 In
3202 953 3376 1016 cele-

1177 1063 1460 1127 berrimo
1493 1061 1666 1127 enim
1691 1061 1804 1124 illo
1840 1059 2155 1125 Clusiano
2189 1082 2369 1144 vase,
2419 1061 2593 1148 quod
2640 1083 2679 1127 a
2717 1062 3102 1128 Francoisio
3137 1084 3374 1128 nomen

1177 1173 1431 1259 accepit
1477 1171 1605 1259 (M.
1630 1172 1690 1236 d.
1714 1172 1770 1236 Ι.
1810 1172 1927 1236 IV.
1974 1177 2018 1238 t.
2057 1176 2139 1237 54
2163 1194 2289 1258 sq.;
2334 1172 2485 1239 inde
2517 1174 2620 1256 fiiq.
2656 1177 2694 1236 1
2727 1176 2987 1258 sumta),
3035 1176 3100 1239 in
3146 1174 3379 1240 Colchi

1177 1287 1442 1352 vasculo
1488 1282 1692 1349 nitido
1739 1283 2085 1364 (Gerhard.
2131 1283 2215 1348 A.
2263 1283 2450 1349 V.-B.
2497 1289 2542 1348 t.
2591 1288 2958 1361 122—123;
3017 1286 3099 1353 cf.
3144 1288 3249 1368 fiy.
3284 1286 3375 1372 5),

844 1458 871 1486 Ἴ,
977 1475 981 1477 ,
1179 1397 1320 1463 aliis
1355 1400 1423 1462 et
1452 1396 1607 1482 ipsis
1639 1395 2103 1481 antiquissimis
2135 1402 2210 1460 ut
2236 1395 2558 1461 Gerhard.
2582 1396 2874 1462 AJK-B.
2908 1403 2953 1465 t.
2968 1402 3072 1481 26,
3100 1402 3377 1481 61—62,

904 1496 936 1530 ²⁸⁸
1184 1510 1539 1589 117-118,
1592 1511 1960 1587 119-120,
2016 1507 2099 1575 de
2158 1506 2447 1593 Luynes.
2506 1508 2911 1590 Descrzffiima
2966 1511 3043 1574 de
3085 1510 3379 1593 quelqvoes

888 1602 900 1627 ³
969 1618 973 1628 '
1177 1642 1354 1686 vaces
1395 1619 1612 1702 peinis
1656 1624 1703 1683 t.
1755 1623 1854 1700 11,
1910 1618 2087 1683 Mus,
2124 1617 2378 1700 Greyor.
2424 1619 2517 1683 II.
2563 1625 2610 1686 t.
2658 1622 2761 1686 51.
2805 1624 2844 1684 2
2893 1623 3379 1708 conspiciuntur

1180 1733 1488 1798 mulieres
1512 1730 1796 1796 vestitae
1829 1730 2201 1796 chitonihus
2229 1731 2503 1796 manicis
2537 1731 2912 1797 carentibus
2947 1739 3014 1798 et
3041 1734 3377 1799 instructis

1182 1847 1646 1931 apoptygmate
1700 1842 1864 1908 citra
1923 1842 2254 1928 cingulum
2301 1842 2645 1909 desinenti.
2736 1842 2919 1917 Quos
2981 1845 3049 1909 in
3092 1846 3379 1910 humeris

1184 1955 1615 2022 confibulatos
1687 1975 1837 2021 esse
1912 1952 2146 2019 docent
2216 1954 2493 2023 laciniae
2553 1955 2706 2023 illae
2768 1955 3254 2023 semirotundae
3312 1958 3377 2021 in

1181 2067 1468 2133 humeris
1501 2065 1916 2151 conspicuae,
1964 2086 2132 2150 quae
2165 2066 2547 2133 necessario
2579 2067 2893 2149 existunt,
2939 2068 3054 2136 ubi
3101 2069 3378 2136 chitonis

1184 2180 1505 2266 posticam
1549 2181 1802 2263 partem
1867 2197 2066 2262 supra
2108 2179 2367 2247 anticae
2423 2179 2787 2264 marginem
2844 2185 3118 2248 tractam
3162 2181 3377 2246 fibulis

1183 2297 1527 2376 utramque
1574 2287 1898 2373 configis.¹

1360 2400 1709 2469 Chitonem
1741 2401 1926 2465 illum
1962 2401 2364 2488 respondere
2388 2401 2812 2475 Herodoteae
2838 2404 3119 2473 chitonis
3152 2404 3379 2470 Dorici

856 2486 860 2498 Ι

845 2502 968 2514 -θ

857 2546 957 2600 rig.
989 2553 1027 2592 1.
1097 2490 1149 2494 ἡ
1191 2513 1616 2601 descriptioni
1672 2518 1974 2599 apertum
2022 2519 2146 2584 est.
2223 2513 2487 2583 Revera
2534 2537 2684 2586 eum
2738 2539 2886 2587 esse
2931 2523 3070 2583 tum
3116 2516 3377 2586 demum

865 2705 881 2735 ¹
919 2702 1066 2757 Sunt
1100 2719 1234 2757 sane
1277 2701 1412 2756 illae
1447 2699 1688 2755 laciniae
1724 2699 1916 2770 paullo
1955 2702 2014 2754 et
2049 2700 2288 2755 maiores
2334 2704 2392 2756 et
2426 2703 2833 2772 aequabiliores
2877 2705 2937 2758 in
2973 2722 3105 2760 vase
3140 2706 3377 2761 Franco-

686 2785 884 2853 isiano,
907 2805 1039 2843 nam
1066 2789 1403 2859 experiendo
1428 2788 1594 2843 facile
1616 2786 1920 2857 intelliges,
1943 2787 2004 2842 id
2029 2787 2181 2857 quod
2207 2788 2538 2847 confirmant
2558 2790 2873 2860 diploidum
2898 2794 2957 2846 et
2979 2792 3377 2862 diploidiormn

690 2872 752 2931 in
787 2874 1188 2935 recentioribus
1223 2874 1601 2933 monumentis
1636 2874 2197 2944 repraesentationes,
2234 2874 2279 2929 si
2308 2874 2478 2933 vestis
2514 2876 2633 2934 illic
2669 2876 2749 2932 sic
2778 2879 2844 2934 ut
2878 2877 3213 2935 describitur
3248 2895 3377 2936 con-

688 2959 910 3030 figatur,
948 2962 1183 3017 lacinias
1217 2980 1504 3032 nunquam
1543 2962 1604 3016 in
1640 2962 1836 3033 pectus
1871 2978 2049 3036 usque
2085 2961 2440 3028 descendere,
2480 2980 2583 3019 nec
2618 2964 2787 3034 plane
2825 2965 3094 3024 rotunda-s
3130 2981 3246 3021 esse
3283 2965 3378 3020 sed

687 3049 869 3119 magis
904 3048 964 3103 in
1000 3052 1230 3104 acutum
1266 3049 1432 3105 exire.
1496 3049 1604 3104 Sed
1640 3047 1793 3103 haud
1831 3047 1945 3103 scio
1984 3047 2243 3123 equidem
2282 3066 2356 3103 an
2390 3050 2450 3103 in
2487 3052 2605 3106 tam
2642 3051 2878 3120 antiquo
2915 3069 3046 3106 vase
3081 3051 3187 3106 hoc
3223 3051 3377 3121 quic-

689 3152 854 3204 quam
894 3135 1098 3190 valeat.
1155 3136 1302 3202 Quid
1340 3136 1488 3191 enim
1503 3137 1531 3190 11
1567 3152 1752 3190 nonne
1777 3133 2067 3205 proprium
2103 3134 2207 3190 hoc
2244 3135 2382 3191 artis
2406 3136 2702 3202 nascentis,
2739 3140 2804 3193 ut
2832 3137 3084 3208 singulas
3109 3138 3379 3207 quasdam

687 3238 774 3276 res
809 3239 924 3279 non
959 3224 1220 3281 naturam
1253 3222 1481 3279 imitata
1525 3221 1819 3291 exprimat,
1856 3220 1955 3277 sed
1992 3223 2258 3279 contenta
2293 3223 2809 3292 repraesentatione
2846 3241 3037 3280 earum
3085 3225 3254 3281 semel
3292 3224 3379 3282 in-

689 3310 882 3374 venta,
932 3308 1038 3363 hac
1089 3309 1272 3369 denuo
1310 3326 1526 3381 semper
1557 3309 1790 3367 utatur?
1831 3308 1904 3367 Et
1928 3307 2241 3362 consideres
2277 3325 2483 3378 quaeso
2529 3326 2596 3366 ea
2620 3328 2766 3380 quae
2802 3311 2993 3383 typico
3030 3312 3161 3376 illc,
3196 3313 3263 3371 ut
3295 3310 3380 3369 ita

692 3394 899 3460 dicam,
943 3396 1108 3451 modo
1152 3395 1211 3449 in
1259 3394 1407 3451 vasis
1453 3393 1857 3464 antiquissimis
1903 3392 2247 3463 pinguntur:
2300 3395 2512 3462 oculos,
2559 3397 2776 3462 cubita,
2820 3415 3032 3468 genua,
3070 3400 3282 3454 vestem
3317 3397 3379 3452 in

691 3483 851 3551 tergo
888 3481 1117 3537 humum
1156 3485 1485 3551 verrentem,
1523 3482 1676 3535 sinus
1712 3480 1840 3536 illos
1877 3497 2079 3550 parvos
2115 3480 2175 3534 in
2212 3480 2531 3536 chitonihus
2568 3482 2937 3538 Corinthiacis
2976 3483 3109 3552 (vid.
3135 3485 3279 3553 part.
3304 3485 3375 3539 II.

689 3584 811 3637 cap.
833 3567 958 3636 IV):
997 3568 1255 3623 omnibus
1279 3567 1394 3622 fere
1417 3566 1477 3621 id
1497 3583 1788 3622 commune
1814 3568 1917 3632 est,
1953 3568 2018 3620 ut
2039 3568 2097 3620 et
2121 3571 2493 3636 exaggeratas
2517 3568 2632 3622 sint
2654 3569 2863 3624 formae
2888 3586 3095 3636 eorum,
3132 3571 3191 3624 et
3212 3569 3377 3623 simul

689 3655 879 3709 tamen
903 3654 1309 3723 aequabiliores
1337 3653 1532 3718 multo,
1558 3670 1728 3722 quam
1752 3654 1959 3706 natura
1982 3667 2076 3707 eas
2102 3652 2351 3722 praebet.
2390 3653 2630 3710 Omnino
2655 3658 2845 3710 autem
2869 3673 2982 3714 non
3006 3655 3191 3712 minus
3214 3655 3378 3711 facile

690 3738 860 3808 plane
896 3740 1194 3795 rotundam
1231 3741 1390 3796 illam
1426 3739 1690 3796 laciniam
1727 3739 1865 3809 fingi
1903 3739 2178 3809 potuisse,
2219 3757 2389 3809 quam
2426 3757 2472 3794 e.
2508 3759 2591 3811 gr.
2626 3741 3055 3812 triangularem,
3092 3742 3380 3812 intelliges

691 3824 900 3880 lacinia
938 3825 997 3880 in
1022 3827 1277 3896 pluribus
1312 3826 1690 3883 monumentis
1715 3824 2065 3881 examinata:
2101 3823 2195 3878 hic
2230 3825 2431 3895 adlego
2468 3826 2627 3882 nulla
2660 3827 2769 3882 nisi
2795 3828 3058 3898 Virgines
3082 3829 3378 3884 Erechthei

691 3913 751 3965 et
784 3913 986 3968 Pacem
1023 3914 1398 3984 Cephisodoti.
1471 3915 1771 3969 Praeterea
1804 3941 1868 3951 —
1904 3910 1964 3965 id
2001 3910 2152 3980 quod
2188 3927 2406 3966 omnem
2443 3912 2857 3969 dubitationem
2892 3915 3118 3970 tolleret
3143 3946 3207 3955 —
3232 3914 3380 3980 indi-

691 3994 846 4054 casse
882 3999 1022 4054 mihi
1058 4001 1322 4057 videntur
1357 4001 1556 4058 Clitias
1603 4003 1662 4056 et
1695 3998 2016 4070 Ergetimus
2053 4015 2221 4068 rugas
2255 3998 2586 4054 fibulatione
2623 4003 2683 4055 et
2723 4000 2782 4055 in
2818 4001 3028 4057 lacinia
3064 4005 3123 4059 et
3157 4001 3218 4060 in
3254 4000 3378 4070 ipsa

689 4085 834 4141 vesti
856 4086 1079 4142 effectas
1096 4087 1306 4143 lineola
1329 4088 1446 4153 illa,
1473 4105 1644 4157 quam
1667 4087 1729 4141 in
1747 4085 2068 4154 Atalantae,
2099 4084 2366 4147 Rhodiae,
2393 4085 2616 4140 Moerae
2637 4086 2861 4146 chitone
2878 4088 3035 4142 vides
3054 4089 3128 4158 (v.
3137 4087 3225 4160 fiy.
3236 4090 3377 4156 1).—

689 4172 761 4226 Et
797 4172 934 4242 quid
969 4172 1154 4229 hercle
1189 4174 1344 4229 aliud
1370 4174 1609 4229 laciniae
1643 4174 1777 4228 illae
1803 4172 2125 4242 significent
2160 4170 2244 4225 vis
2258 4171 2286 4225 ⁶?
2340 4170 2481 4237 Scio,
2517 4173 2936 4242 respondebunt
2957 4173 3216 4228 nonnulli
3252 4191 3375 4228 cum

690 4258 997 4315 Gerhardio
1034 4261 1126 4330 (A.
1157 4261 1313 4316 V.-B.
1338 4262 1435 4315 ΠΙ.
1461 4280 1516 4331 p.
1543 4261 1664 4329 140)
1704 4277 1821 4315 esse
1855 4258 2171 4314 humeralia
2207 4259 2481 4327 quaedam
2527 4262 2630 4314 aut
2663 4260 2862 4314 fibulas
2899 4264 3131 4316 curvata
3165 4261 3379 4315 lamina

688 4345 1007 4402 instructas.
1063 4350 1140 4402 At
1160 4348 1298 4404 11000
1329 4351 1625 4418 tantopere
1653 4349 2017 4404 abhorrerent
2050 4346 2122 4401 ab
2148 4346 2300 4402 omni
2326 4347 2577 4402 utilitate
2598 4351 2655 4403 et
2677 4348 3060 4418 simplicitate,
3085 4351 3151 4404 ut
3166 4348 3377 4403 abicias

688 4433 836 4489 bono
872 4435 1077 4492 animo,
1147 4435 1207 4490 Si
1244 4453 1374 4492 vero
1411 4438 1480 4492 de
1515 4436 1701 4492 fibulis
1737 4436 1982 4491 rotunda
2017 4434 2230 4494 lamina
2265 4433 2555 4493 instructis
2593 4436 2874 4506 cogitant:
2914 4435 3013 4506 qui
3049 4437 3276 4494 tandem
3315 4437 3375 4492 in

688 4521 834 4575 hanc
866 4522 1436 4591 repraesentationem
1472 4522 1793 4578 inciderunt
1829 4522 2071 4592 pictores
2087 4523 2114 4575 ’ἓ
2185 4521 2371 4590 Perre,
2420 4539 2565 4590 quae
2602 4526 2723 4577 tum
2767 4522 2989 4579 lineolis
3025 4540 3195 4593 supra
3229 4540 3375 4577 com-

688 4608 1008 4662 memoratis
1045 4608 1348 4678 explicatio
1384 4611 1520 4665 fiet?
1591 4610 1844 4679 Denique
1880 4612 1946 4664 ut
1980 4610 2175 4664 contra
2220 4609 2365 4667 hanc
2407 4608 2491 4666 ita
2525 4627 2626 4680 pro
2676 4613 2867 4667 nostra
2913 4610 3195 4671 sententia
3239 4609 3377 4664 facit

687 4694 1127 4763 repraesentatio
1174 4695 1399 4750 himatii
1441 4696 1693 4752 mulieris
1739 4697 1891 4767 apud
1939 4695 2206 4751 Gerhard.
2243 4695 2313 4750 A.
2344 4695 2498 4750 V.-13.
2534 4699 2574 4752 t.
2614 4697 2730 4765 111,
2778 4696 2945 4752 alteri
2993 4697 3225 4752 humero
3273 4697 3374 4753 im·-

691 4782 892 4852 positi;
929 4787 987 4838 et
1021 4782 1114 4839 hic
1148 4782 1412 4838 laciniam
1448 4783 1606 4840 illam
1643 4786 1831 4854 habes,
1869 4801 2052 4854 neque
2088 4785 2280 4838 tamen
2316 4783 2387 4844 de
2422 4782 2595 4840 fibula
2632 4783 2867 4854 cogitari
2908 4786 3108 4854 potest.
