3875 5392
1778 313 2198 377 -22—

640 524 918 567 necesse
969 507 1091 583 cst,
1140 501 1196 564 si
1242 499 1504 586 quidem
1534 495 1833 581 χιτώνιον
1876 501 2020 566 fere
2067 519 2329 585 semper
2375 521 2522 564 cum
2555 499 2883 567 adiectivo
2917 498 3200 585 quodam
3245 499 3330 567 ad

641 613 1090 700 duplicitatem
1139 613 1467 699 spectanti
1512 612 1824 697 iungitur,
1870 633 2203 697 nunquam
2250 617 2472 679 contra
2514 612 2641 678 hoc
2686 612 2933 679 chitoni
2977 613 3070 677 fit.

811 725 911 791 Ac
956 726 1236 811 primum
1283 723 1544 810 quidem
1592 745 1875 810 quanam
1921 745 1993 789 re
2039 723 2436 789 chitoniscus
2482 745 2522 788 a
2568 723 2830 791 chitone
2876 726 2978 810 (et
3008 723 3328 810 chitonio)

645 838 942 904 diversus
991 838 1214 918 fuerit,
1273 837 1462 901 facile
1510 858 1595 902 ex
1643 835 2044 901 deminutiva
2091 836 2299 900 forma
2341 836 2408 899 in
2455 856 2675 915 -ισκος
2721 835 3043 904 desinenti
3084 837 3327 905 intelli-

641 951 837 1037 gitur,
885 956 957 1016 ut
990 949 1557 1036 grammaticorum
1590 948 1990 1013 testimoniis
2035 948 2306 1014 brevem
2353 948 2681 1014 chitonem
2725 948 3154 1017 chitoniscum
3186 968 3330 1016 esse

640 1063 1021 1128 testantium
1076 1063 1250 1128 bene
1313 1081 1534 1127 carere
1592 1061 1981 1148 110331111113.1
2086 1059 2175 1127 Et
2230 1057 2563 1144 ἐπένδυμα
2618 1075 2748 1130 11011
2791 1053 3135 1147 ὑπένδυμα
3193 1062 3329 1127 9111-

644 1176 966 1241 toniscum
1025 1175 1362 1240 titulorum
1417 1194 1566 1239 esse
1625 1175 1930 1261 purpuris
2002 1179 2070 1239 et
2126 1179 2658 1241 ornamentorum
2715 1175 3044 1241 variorum
3102 1173 3332 1241 creber

639 1309 797 1352 usus
837 1288 1030 1352 docet
1075 1285 1215 1371 (cfr.
1248 1285 1603 1353 Benndorf.
1655 1283 1904 1350 Griech.
1951 1287 2090 1352 und
2130 1285 2290 1351 sicil.
2339 1285 2526 1351 V.-B.
2576 1307 2640 1372 p.
2674 1288 2755 1350 43
2802 1306 2868 1351 n.
2900 1289 3074 1371 221).
3162 1285 3328 1353 Inde

643 1400 841 1464 etiam
885 1399 977 1479 fit,
1025 1397 1198 1483 quod
1245 1398 1480 1462 talaria
1522 1396 1892 1481 endymata,
1940 1398 2236 1463 chitones
2270 1404 2337 1462 et
2382 1398 2687 1480 chitonia,
2734 1398 2945 1463 rarius
2995 1403 3324 1479 ornentur,

647 1511 888 1597 quippe
933 1531 1205 1596 quorum
1265 1516 1519 1596 partem
1577 1508 1754 1574 haud
1800 1510 2108 1594 exiguam
2170 1510 2563 1575 chitoniscus
2622 1511 3083 1597 superindutus
3131 1513 3329 1595 tegat.

641 1621 811 1686 Rem
878 1623 1121 1708 optime
1179 1623 1301 1686 tibi
1357 1622 1783 1687 illustrabunt
1827 1620 2187 1689 Benndorf.
2232 1624 2275 1687 l.
2324 1644 2377 1687 s.
2423 1627 2471 1687 t.
2529 1627 2628 1705 14,
2677 1627 2779 1705 25,
2828 1625 2942 1700 333
3008 1621 3330 1688 Gerhard.

642 1734 725 1798 A.
761 1733 952 1798 V.-B.
989 1739 1038 1800 t.
1063 1735 1167 1815 80,
1196 1737 1280 1799 82
1292 1756 1307 1810 3
1353 1734 1453 1798 M.
1478 1733 1538 1798 d.
1571 1734 1628 1797 I.
1661 1733 1788 1800 III.
1830 1738 1873 1799 t.
1904 1738 2019 1798 54:
2067 1734 2309 1820 ubique
2358 1734 2566 1801 habes
2609 1735 3043 1802 chitoniscum
3087 1736 3332 1822 pictum

650 1851 717 1910 et
749 1845 961 1910 limbis
995 1845 1275 1911 diversis
1310 1851 1631 1932 saeptum,
1679 1845 1956 1910 talarem
1988 1846 2317 1911 chitonem
2350 1846 2525 1912 omni
2558 1853 2944 1913 ornamento
2980 1853 3331 1913 carentem.

814 1954 909 2018 At
979 1975 1134 2019 num
1203 1956 1296 2019 ita
1351 1954 1418 2019 id
1488 1975 1748 2040 quoque
1812 1956 2209 2041 explicatur,
2279 1957 2448 2043 quod
2511 1977 2867 2045 numquam
2925 1960 3335 2044 amorginum

646 2073 909 2153 tamque
944 2087 1088 2132 raro
1116 2074 1468 2156 stuppeum
1494 2066 1928 2132 chitoniscum
1958 2069 2356 2134 recensitum
2380 2069 2790 2137 invenimus?
2838 2069 2967 2140 Aio
2996 2072 3333 2158 equidem3

650 2180 904 2246 conicio
950 2185 1171 2245 autem
1218 2180 1349 2247 alia
1393 2179 1474 2244 de
1506 2179 1784 2246 materie
1830 2179 2127 2246 chitones
2175 2186 2241 2247 et
2273 2181 2582 2264 chit-onia,
2629 2182 2710 2248 de
2757 2182 2890 2250 alia
2934 2183 3333 2250 chitoniscos

644 2292 871 2357 fuisse.
964 2291 1240 2378 Stuppei
1309 2289 1483 2356 enim
1544 2326 1621 2337 —
1687 2291 1825 2357 sive
1891 2291 1974 2357 de
2046 2297 2282 2379 stuppa
2338 2293 2477 2358 sive
2545 2294 2629 2359 de
2685 2294 2817 2359 11110
2873 2295 3168 2383 impolito
3225 2316 3336 2360 eos

643 2405 847 2470 factos
893 2425 1040 2470 esse
1072 2410 1267 2491 putas
1315 2403 1459 2490 (cfr.
1491 2402 1864 2470 Bluemner.
1916 2403 2251 2470 Terminol.
2283 2405 2423 2471 und
2454 2405 2814 2490 Technoloq·
2860 2406 2914 2475 I.
2960 2430 3023 2495 p.
3057 2406 3205 2493 182)
3232 2446 3334 2489 -,

644 2521 821 2582 certe
873 2515 1095 2580 linteis
1128 2514 1421 2581 vestibus
1454 2514 1926 2580 adnumerandi
1976 2522 2154 2591 sunt3
2203 2537 2416 2602 neque
2448 2518 2665 2585 minus
2709 2519 2834 2584 hoc
2867 2519 2948 2585 de
2981 2520 3335 2604 amorginis

643 2628 849 2710 valet,
908 2628 1020 2712 qui
1066 2627 1147 2691 ab
1207 2626 1509 2691 omnibus
1571 2626 1710 2692 fere
1769 2628 2215 2712 grammaticis
2280 2635 2356 2693 ut
2405 2624 2802 2697 λεπτότατοι
2863 2631 3336 2711 describuntur,

642 2734 867 2827 βύσσῳ
924 2738 1232 2804 3110119334ι
1313 2738 1547 2824 Itaque
1594 2739 1832 2803 talares
1880 2738 2177 2805 chitones
2230 2740 2471 2806 linteos
2529 2743 2912 2830 plerumque
2969 2743 3173 2808 fuisse
3220 2743 3336 2807 tibi

645 2853 883 2938 fingas;
940 2871 1212 2935 eaeque,
1260 2870 1532 2936 quarum
1575 2849 1925 2917 mediocris
1971 2857 2113 2919 erat
2158 2850 2476 2935 condicio,
2516 2859 2821 2942 stuppam
2860 2855 3159 2920 viliorem
3205 2855 3339 2919 lino

647 2967 708 3030 ei
740 2970 961 3029 tamen
1002 2962 1399 3027 simillimam
1444 2961 1599 3026 huic
1641 2962 2134 3048 praeferebant,
2183 2984 2350 3049 quae
2382 2964 2650 3030 ditiores
2684 2972 2889 3050 erant,
2934 2967 3338 3051 amorginam

645 3077 708 3144 h.
743 3098 799 3143 e.
834 3073 1230 3161 exquisitam
1279 3078 1344 3138 et
1377 3073 1830 3138 tenuissimam
1877 3079 2209 3139 texturam
2257 3076 2615 3161 eligebant.
2705 3077 3059 3143 Curatores
3116 3083 3337 3144 autem

646 3189 817 3253 hanc
845 3187 971 3252 sibi
998 3186 1295 3271 regulam
1319 3191 1694 3273 posuerunt,
1729 3191 1802 3250 ut
1831 3207 1962 3252 non
1987 3187 2112 3253 nisi
2146 3192 2213 3253 et
2243 3188 2539 3254 viliorum
2563 3190 2751 3255 solito
2785 3195 2853 3257 et
2880 3191 3336 3276 pretiosiorum

647 3301 987 3365 materiem
1029 3299 1436 3379 adnotarent,
1482 3299 1575 3362 nil
1606 3297 1944 3380 adderent,
1992 3300 2051 3364 si
2093 3300 2368 3366 materie
2414 3302 2627 3381 solita,
2675 3301 2738 3368 h.
2770 3323 2827 3368 e.
2859 3302 2995 3366 lino
3042 3303 3340 3367 chitones

649 3417 715 3477 et
761 3411 1049 3478 chitonia
1101 3416 1497 3477 constarent.
1598 3410 1954 3476 Chitonisci
2010 3419 2230 3478 autem
2285 3414 2596 3479 talaribus
2651 3415 2874 3480 linteis
2933 3414 3340 3502 superinduti

647 3546 775 3589 non
810 3524 995 3589 lintei
1025 3524 1152 3610 ipsi
1188 3544 1444 3610 quoque
1482 3528 1667 3588 erant
1708 3562 1786 3571 —-
1826 3524 1935 3609 qui
1976 3525 2148 3589 enim
2179 3531 2316 3590 tum
2349 3532 2483 3591 tam
2511 3527 2701 3613 pauci
2736 3527 2998 3614 stuppei
3030 3532 3117 3608 et,
3164 3526 3340 3612 quod

648 3637 859 3721 magis
928 3636 993 3700 111
1059 3634 1530 3722 ependymatis
1589 3636 1879 3717 mireris,
1938 3636 2101 3701 nulli
2161 3638 2605 3723 pretiosiores,
2666 3640 3025 3724 amorgini?
3082 3676 3166 3686 —
3221 3636 3340 3704 sed

648 3749 855 3814 lanei!
962 3747 1142 3811 Scito
1200 3746 1403 3831 igitur
1476 3747 1737 3812 laneum
1819 3747 2150 3814 chitonem
2209 3748 2481 3814 brevem
2550 3750 2956 3834 manicisque
3028 3772 3183 3814 mox
3237 3750 3338 3814 in-

650 3865 967 3925 structum
1025 3879 1181 3922 mox
1236 3862 1570 3923 carentem
1632 3856 1737 3943 (G.
1784 3859 1839 3922 I.
1888 3858 1972 3922 A.
2020 3858 2105 3923 ΙΙ.
2157 3862 2279 3924 758
2325 3859 2381 3923 Β
2428 3859 2515 3927 11.
2565 3882 2624 3927 V.
2668 3863 2770 3927 21.
2815 3862 2916 3942 22,
2967 3863 3088 3925 763
3135 3881 3195 3927 v.
3235 3860 3339 3945 10)

651 3971 958 4036 mulieres
1004 3968 1262 4034 Atticas
1309 3974 1463 4035 tunc
1508 3971 1820 4055 temporis
1866 3970 2245 4056 frequenter
2288 3977 2589 4056 gestasse
2635 3978 2830 4057 atque
2877 3972 3049 4038 hunc
3090 3973 3156 4037 in
3200 3993 3338 4037 ser-

652 4104 844 4147 mone
889 4081 1295 4166 elegantiore
1338 4075 1722 4162 χιτωνίσκον
1765 4087 2070 4147 vocatum
2118 4103 2287 4148 9339.

827 4325 844 4356 ²
885 4320 1146 4376 Conferas
1188 4319 1398 4374 PolIuC.
1436 4318 1559 4374 VII.
1594 4319 1679 4374 44.
1717 4320 1809 4374 45:
1845 4317 2044 4389 χιτών,
2090 4319 2436 4389 χιτωνίσκος,
2479 4319 2760 4390 χιτώνιον·
2810 4318 2928 4374 ἐπεὶ
2974 4321 3065 4374 καὶ
3112 4323 3145 4373 o‘
3180 4322 3341 4375 ἐπεν-

654 4408 817 4476 δύτης
850 4406 1000 4461 ἔστιν
1035 4405 1096 4459 ἐν
1130 4407 1198 4475 τῇ
1231 4405 1344 4458 τῶν
1390 4406 1605 4458 πολλῶν
1638 4404 1861 4476 χρήσει,
1910 4403 2060 4465 ὅστις
2099 4405 2347 4473 βούλοιτο
2391 4404 2484 4458 καὶ
2527 4405 2701 4475 τούτῳ
2736 4407 2814 4477 τῷ
2847 4403 3082 4476 ὀνόματι
3116 4408 3344 4476 βοηθεῖν

653 4494 848 4567 φαύλῳ
897 4490 1038 4557 ὄντι,
1086 4493 1197 4545 κτλ.
1292 4492 1502 4546 Probat
1554 4509 1686 4562 crgo
1747 4509 1861 4547 non
1905 4490 2202 4558 ἐπενδύτης
2246 4491 2341 4545 39(1
2387 4489 2709 4561 χιτωνίσκος
2751 4509 2969 4557 vocem,
3025 4495 3122 4547 cfr.
3169 4494 3342 4548 Moer.

653 4602 707 4652 p.
730 4581 851 4635 416.
903 4578 1167 4641 Pierson.,
1203 4578 1302 4646 qui
1339 4595 1472 4633 sane
1504 4578 1835 4647 χιτωνίσκον
1870 4576 2220 4644 ,,ὖποδύτην“
2245 4576 2532 4645 ἑλληνικῶς
2554 4576 2740 4631 vocari
2764 4577 3019 4632 affirmat.
3089 4579 3344 4647 Denique

654 4668 749 4721 cfr.
791 4663 995 4719 Anecd.
1032 4664 1372 4719 Bachmann.
1409 4682 1449 4718 3.
1487 4681 1539 4719 v.
1574 4663 1954 4733 χιτωνίσκους·
1991 4662 2319 4731 κολωβίονας
2352 4662 2820 4733 γυναικοπρεπεῖς.
2859 4660 3028 4725 οὕτως
3064 4664 3343 4735 Αἰσχίνης.

831 4775 853 4805 ²
888 4768 997 4824 cfr.
1031 4767 1664 4824 Hermann-Bluemner.
1704 4767 2261 4823 Pac-mamam
2297 4784 2351 4838 p.
2379 4766 2476 4820 191
2512 4782 2566 4818 11.
2594 4766 2642 4821 1.
