3875 5392
1635 337 2063 400 ..27-

503 547 623 611 pro
684 530 864 590 certo
935 524 1351 604 babebimus,
1424 544 1571 588 cum
1628 524 1695 588 in
1755 524 1930 588 vasis
1987 523 2230 590 Atticis
2288 525 2742 609 antiquissima
2799 525 2914 590 illa
2972 528 3192 590 aetate

506 637 936 724 sequentibus
993 637 1194 703 alium
1254 637 1579 702 chitonem
1635 638 1702 704 in
1757 659 1945 703 usum
1992 639 2366 705 venientem
2409 637 2876 723 paullatimque
2923 637 3007 701 ab
3054 657 3191 701 om-

506 751 699 816 nibus
732 754 1076 836 acceptum
1108 748 1483 829 viderimus,
1513 750 1623 835 qui
1654 771 1864 835 aequo
1897 751 2090 816 modo
2121 752 2202 838 τῇ
2226 744 2389 816 Ἰάδι
2420 748 2742 817 Herodoti
2773 749 3191 835 respondeat.

677 861 872 928 Nunc
917 882 1074 927 vero
1120 862 1250 930 iam
1297 862 1365 927 in
1410 860 1555 946 ipso
1601 861 1962 928 Francoisii
2010 884 2165 929 vase

512 975 678 1041 alius
705 973 966 1060 quidam
993 973 1210 1040 chiton
1239 972 1519 1041 occurrit
1545 1011 1627 1021 —
1651 973 1878 1041 videas
1910 974 2166 1041 Dianae

505 1087 839 1168 Persicae,
864 1107 1034 1171 quae
1050 1091 1339 1168 vocatur,
1364 1085 1725 1162 chitonem;
1759 1088 2165 1172 superiorem

508 1204 760 1285 partem
804 1197 1019 1267 reddit
1046 1198 1151 1280 fiiy.
1178 1201 1225 1265 2
1254 1234 1358 1279 —,
1401 1198 1510 1282 qui
1542 1199 1921 1284 ceteroquin
1968 1200 2167 1286 priori

509 1310 896 1391 simillimus,
930 1310 1202 1377 manicis
1232 1315 1452 1377 tamen
1476 1310 1785 1376 brevibus
1811 1311 2167 1377 instructus

510 1429 634 1490 est.
688 1422 1026 1490 Videsne?
1073 1421 1456 1489 Fibularum
1487 1422 1555 1488 in
1586 1422 1710 1487 hoc
1741 1443 1899 1489 usus
1925 1425 2166 1505 nullus,
2280 1474 2296 1490 1

510 1534 809 1601 materiei
855 1540 1075 1602 autem
1107 1555 1319 1601 novae
1353 1533 1898 1619 significationem
1946 1536 2055 1620 qui
2100 1536 2165 1600 in

514 1654 646 1714 tam
694 1646 960 1732 antiquo
1005 1667 1164 1713 vase
1211 1646 1677 1732 exspectabis?
1745 1647 1921 1713 Num
1967 1648 2169 1732 igitur

513 1759 620 1823 hic
664 1757 960 1826 Ionicum
1009 1757 1342 1824 chitonem
1386 1758 1754 1825 habemus?

683 1869 956 1939 Minime
989 1871 1303 1956 gentium.
1357 1870 1570 1938 Multo
1596 1871 1805 1955 magis
1837 1871 2170 1958 discrepet
2713 1958 2761 1970 ι
2793 1955 2796 1957 ‚

513 2004 787 2051 necesse
835 1988 939 2047 est
981 1982 1244 2049 Ionicus
1292 1982 1513 2048 chiton
1560 2004 1602 2048 a
1643 1982 1902 2066 Dorico,
1950 1990 2168 2053 tanto·
2632 1958 2850 2060 *5152

512 2117 670 2180 pere
717 2094 1067 2180 discrepet,
1114 2100 1188 2163 ut
1233 2095 1578 2161 mulierum
1625 2105 1936 2183 aspectus
1984 2105 2163 2167 totus
2216 2107 2522 2168 mutetur.
2613 2101 2740 2176 Qui
2789 2105 2960 2169 enim
3007 2106 3201 2171 aliter

512 2212 644 2273 tam
689 2206 801 2274 diu
832 2207 1149 2274 memoria
1179 2206 1553 2274 tenuissent
1584 2207 2030 2276 Athenienses
2076 2213 2405 2299 quondam
2439 2215 2854 2280 aliochitone
2894 2217 3200 2281 mulieres

513 2319 785 2389 vestitas
851 2318 1099 2386 fuisse?
1167 2319 1277 2404 qui
1344 2321 1534 2385 aliter
1612 2321 1969 2407 scriptores
2032 2324 2311 2389 chitonis
2379 2331 2517 2390 tum
2574 2326 2797 2394 usitati
2853 2326 3200 2396 barbaram

515 2432 836 2516 originem
882 2437 1175 2499 statuere
1221 2437 1542 2517 potuere?
1609 2432 1815 2499 Tales
1863 2439 2087 2501 autem
2134 2437 2455 2519 chitones‚
2504 2439 2732 2523 quales
2776 2438 2995 2503 Diana
3038 2438 3199 2504 Per-

515 2544 655 2611 sica
699 2544 765 2609 in
797 2565 957 2612 vase
989 2543 1357 2629 significato
1389 2545 1578 2629 gerit,
1634 2551 1702 2612 et
1743 2551 2021 2613 externa
2047 2527 2289 2634 ⁵specie
2332 2548 2642 2614 simillimi
2676 2557 2827 2615 sunt
2856 2550 3203 2636 prioribus,

516 2662 585 2722 et
633 2678 720 2722 ex
768 2656 849 2722 iis
884 2663 1121 2722 natura
1165 2657 1307 2723 fere
1354 2657 1496 2722 orti.
1565 2657 1665 2723 Ac
1695 2661 1804 2724 vel
1849 2659 2068 2725 media
2110 2660 2433 2746 quaedam
2464 2661 2673 2726 forma
2699 2661 2871 2727 inter
2901 2663 3203 2747 priorem,

516 2768 874 2848 fibulatam,
909 2774 976 2834 et
1003 2766 1191 2848 hanc,
1224 2769 1638 2851 manicatam,
1670 2771 1734 2835 in
1768 2773 2211 2838 monumentis
2241 2773 2592 2856 invenitur,
2640 2795 2877 2861 nempe
2909 2773 3204 2840 mascha-

515 2881 708 2947 lota.²
793 2878 1123 2965 Exempla
1174 2880 1293 2947 tibi
1339 2880 1673 2947 sufficiant
1717 2904 1955 2969 pauca:
2015 2883 2314 2950 Minerva
2360 2889 2428 2951 et

518 2992 811 3058 Ariadne
855 2991 922 3057 in
968 2992 1174 3078 cyliee
1219 2991 1560 3077 Glaucytis
1608 2999 1676 3058 et
1716 2993 2041 3060 Archiclis
2072 3033 2155 3044 -
2189 2994 2429 3062 desunt

520 3104 693 3171 enim
721 3104 790 3170 in
820 3103 1109 3170 humeris
1138 3103 1415 3170 laciniae
1447 3105 1598 3170 illae
1640 3141 1715 3152 —
1750 3100 1879 3191 (M.
1905 3106 1966 3171 d.
1989 3106 2045 3169 I.
2072 3105 2188 3172 IV.
2223 3112 2268 3172 t.
2297 3106 2428 3191 59),

519 3215 704 3283 Leda
732 3217 799 3282 in
830 3215 1132 3283 Exekiae
1164 3216 1480 3302 amphora
1505 3215 1630 3300 (M.
1642 3216 1703 3280 d.
1720 3216 1776 3281 1.
1810 3215 1898 3281 ΙΙ.
1933 3223 1979 3283 t.
2006 3220 2089 3282 22
2115 3250 2192 3273 =
2217 3220 2322 3300 fiy.
2338 3218 2431 3304 3).

519 3327 648 3395 Vel
722 3327 828 3393 hic
907 3327 1132 3395 chiton
1198 3327 1608 3395 satisfaceret
1671 3327 2053 3395 Herodoteo
2133 3329 2283 3411 „2'va
2351 3325 2431 3417 δὴ
2580 3414 2596 3426 ι
2648 3410 2652 3414 ¹

522 3433 834 3526 περόνῃσι
892 3435 984 3527 μὴ
1041 3436 1416 3526 χρέωνται“,
1488 3440 1826 3506 sedtamen
1887 3461 2036 3505 eum
2095 3462 2225 3506 non
2284 3460 2434 3506 esse
2524 3458 2669 3538 ³13!
2697 3450 2720 3482 ‘²
2824 3442 2844 3465 ““

521 3552 819 3619 Ionicum
863 3552 1047 3618 illum
1080 3552 1517 3617 certissimum
1565 3559 1686 3617 est.
1758 3552 2020 3639 Quippe
2053 3553 2214 3618 nihil
2263 3552 2438 3617 aliud
2524 3522 2684 3654 {jffi'
2867 3558 2868 3562 ’

522 3665 767 3731 factum
822 3668 955 3745 est,
1018 3664 1147 3730 nisi
1205 3663 1378 3749 quod
1431 3664 1778 3730 fibularum
1831 3666 1899 3728 in
1944 3665 2164 3729 locum
2211 3671 2440 3729 sutura
2524 3617 2584 3703 l&
2632 3674 2656 3694 ‘⁴
2736 3682 2756 3702 ²·
2873 3646 2877 3654 ¹

525 3776 720 3842 venit.
812 3776 1047 3862 Itaque
1099 3796 1183 3841 ne
1229 3775 1539 3841 manicati
1585 3775 1681 3839 illi
1735 3775 1997 3861 quidem
2042 3797 2159 3861 pro
2193 3775 2440 3841 Ionicis
2556 3765 2580 3774 ⁸
2648 3790 2692 3854 “,

523 3888 812 3956 habendi
856 3892 1026 3971 sunt,
1072 3892 1297 3974 utpote
1335 3887 1463 3953 orti
1503 3908 1539 3952 e
1579 3887 1996 3953 maschalotis
2028 3893 2258 3952 assuta
2303 3908 2439 3951 ma-

525 4000 673 4065 nica
700 4000 1095 4082 maschalae,
1142 3999 1323 4065 nulla
1365 4003 1717 4088 praeterea
1747 3998 1952 4065 vestis
1984 4004 2171 4085 parte
2206 3998 2440 4064 immu-

529 4115 666 4177 tata
711 4116 823 4176 aut
867 4112 1100 4179 eiecta.
2464 4190 2516 4203 υ

700 4223 1041 4297 Quomodo
1076 4229 1297 4289 autem
1343 4245 1383 4291 a
1425 4223 1644 4289 fibulis
1691 4222 1774 4288 ad
1822 4222 2200 4287 maschalen
2231 4243 2430 4287 vene·
2669 4237 2768 4289 Fic-
2796 4242 2837 4280 3-

528 4336 657 4402 rint
700 4333 1182 4414 Athenienses,
1242 4337 1447 4403 multo
1493 4337 1727 4403 melius
1774 4335 2139 4420 intelliges,
2195 4334 2283 4415 si,
2340 4355 2507 4422 quae
2555 4333 2754 4398 fuerit
2797 4332 3210 4396 fibulatorum

529 4449 864 4516 chitonum
911 4454 1258 4530 structura,
1304 4448 1750 4535 perspexeris.
1832 4446 2002 4514 Nam
2051 4447 2106 4511 si
2137 4446 2453 4510 Doricum
2489 4445 2819 4510 chitonem
2869 4442 3212 4507 mulierum

528 4561 778 4625 vasculi
825 4561 1194 4642 cuiuslibet,
1244 4563 1428 4626 euius
1476 4560 1845 4648 superficiei
1891 4560 2119 4645 nigrae
2151 4560 2400 4645 figurae
2446 4559 2652 4624 illitae
2699 4563 2868 4638 sunt,
2918 4555 3213 4621 conferas

706 4737 724 4767 ¹
764 4732 958 4786 Liceat
991 4731 1131 4785 mihi
1160 4731 1386 4787 Graecis
1420 4731 1684 4800 μασχάλῃ
1721 4734 1780 4786 et
1812 4730 2177 4802 μασχαλωτός
2211 4730 2440 4788 vocibus
2473 4728 2575 4794 uti,
2612 4746 2682 4784 ne
2709 4743 2928 4797 semper
2963 4726 3032 4780 de
3068 4726 3214 4779 fora-

532 4820 681 4875 mine
717 4819 790 4873 ad
828 4817 1148 4874 bracchium
1185 4819 1549 4873 exserendum
1588 4818 1784 4874 effecto
1821 4817 1978 4887 loqui
2015 4816 2264 4873 debeam.
