3875 5392
1695 316 2121 378 —23-

737 502 955 568 Venio
1011 524 1183 569 nunc
1239 503 1323 568 ad
1379 499 1575 584 χιτών
1620 509 1686 569 et
1729 498 2047 585 χιτώνιον.
2137 502 2426 577 Quorum
2472 505 2582 570 ille
2631 529 2960 593 nunquam
3007 507 3254 594 duplex

566 617 968 697 nominatur,
1039 637 1186 680 cum
1244 616 1371 681 hoc
1440 616 1823 701 saepissime
1885 615 2165 694 διπλοῦς
2229 616 2625 682 adiectivum
2699 641 2923 685 secum
2993 620 3252 688 habeat.

565 725 710 800 Qua
776 749 922 793 cum
983 749 1054 793 re
1125 728 1321 793 aliam
1390 728 1714 813 quandam
1782 729 2104 795 conferas,
2206 728 2462 816 Nempe
2519 752 2666 795 cum
2722 732 2823 796 bis
2878 728 3254 819 χειριδωτὸς

561 836 946 921 χιτωνίσκος
990 846 1442 923 recenseatur,
1502 842 1604 906 bis
1652 843 1850 909 etiam
1896 836 2330 921 κατάστικτος
2372 837 2749 929 χειριδωτός
2794 842 2899 930 (0.
2935 844 2992 909 Ι.
3030 844 3114 909 Α.
3161 846 3251 911 II.

567 957 688 1018 754
720 976 780 1020 V.
805 958 874 1030 63
924 957 1045 1019 758
1073 953 1129 1017 B
1161 953 1252 1020 ΙΙ.
1293 975 1351 1019 v.
1384 953 1472 1039 7),
1518 976 1851 1040 nunquam
1895 956 2032 1020 ulla
2072 957 2318 1021 mentio
2351 956 2752 1020 manicarum
2780 956 2847 1020 in
2880 956 3250 1021 chitonibus

566 1072 632 1132 et
676 1065 980 1131 chitoniis
1027 1066 1119 1130 fit.
1187 1064 1383 1133 Unde
1418 1072 1805 1151 sequeretur
1849 1073 1964 1133 aut
1995 1067 2214 1132 omnia
2257 1067 2527 1132 manicis
2559 1068 2851 1136 carnisse
2883 1073 2997 1133 aut
3039 1069 3254 1133 omnia

565 1179 661 1244 eis
719 1179 1040 1245 instructa
1096 1177 1323 1243 fuisse.
1415 1176 1738 1243 Neutrum
1792 1178 2044 1264 placet:
2103 1179 2413 1264 frequens
2472 1181 2647 1245 enim
2703 1181 2904 1246 etiam
2957 1179 3026 1244 in
3077 1180 3249 1246 illius

569 1291 806 1356 aetatis
851 1291 1290 1357 monumentis
1321 1289 1723 1357 manicarum
1768 1311 1930 1357 usus
1974 1290 2043 1354 in
2087 1291 2402 1355 talaribus
2435 1291 2829 1375 chitonibus,
2875 1292 3252 1379 frequenter

565 1408 785 1469 tamen
833 1403 1026 1468 etiam
1072 1401 1414 1484 deficiunt,
1461 1403 1855 1489 praesertim
1901 1402 1958 1468 si
2004 1402 2254 1488 duplex
2301 1409 2404 1468 est
2446 1405 2690 1470 chiton.
2758 1404 3073 1487 Videsne,
3123 1427 3248 1492 quo

565 1513 878 1579 tendam?
977 1513 1215 1581 Totum
1285 1513 1592 1600 equidem
1661 1514 1832 1580 inter
1899 1507 2097 1594 χιτών
2161 1520 2228 1580 et
2281 1509 2580 1596 χιτώνιον
2640 1516 2991 1582 discrimen
3046 1518 3114 1581 in
3170 1538 3248 1582 eo

564 1625 850 1711 positum
895 1627 1074 1708 vo10,
1130 1632 1205 1692 ut
1248 1627 1360 1692 ille
1408 1627 1680 1694 manicis
1724 1627 2081 1693 instructus
2127 1627 2357 1710 fuerit,
2417 1628 2542 1693 hoc
2588 1629 2717 1695 illis
2764 1629 3078 1695 caruerit:
3138 1631 3250 1715 qui

562 1759 715 1805 vero
748 1739 969 1805 chiton
999 1741 1291 1807 manicas
1336 1761 1467 1806 non
1497 1739 1718 1822 habet,
1767 1740 1820 1804 is
1853 1739 2225 1826 duplicatus
2262 1761 2409 1806 esse
2455 1740 2642 1822 solet,
2690 1740 2843 1808 inde
2875 1746 3009 1806 tam
3048 1763 3248 1827 saepe

559 1845 858 1936 χιτώνιον
898 1851 1206 1933 διπλοῦν,
1252 1873 1466 1938 neque
1510 1873 1799 1938 unquam
1829 1889 1912 1900 —
1949 1853 2018 1917 in
2063 1851 2271 1917 titulis
2317 1852 2578 1937 quidem
2625 1851 2817 1918 ‘nobis
2864 1854 3138 1919 servatis
3166 1891 3249 1902 -

559 1960 758 2049 χιτὼν
803 1965 1133 2044 διπλοῦς.ι
1211 1966 1394 2032 Infra
1426 1965 1603 2032 enim
1634 1965 2002 2031 videbimus
2032 1966 2162 2030 iam
2193 1970 2347 2030 ante
2380 1964 2560 2030 illam
2591 1970 2881 2031 aetatem
2926 1965 2993 2030 in
3037 1966 3248 2030 mani-

562 2080 725 2144 catis
773 2078 1144 2144 chitonibus
1190 2082 1660 2164 apoptygmata
1701 2077 1913 2162 magis
1961 2077 2298 2162 magisque
2356 2076 2705 2142 evanuisse
2753 2075 2898 2162 (cfr.
2946 2083 3112 2163 part.
3159 2054 3247 2144 ΙῘ.

560 2194 765 2277 cap.2
795 2195 862 2258 et
889 2188 980 2275 3).
1069 2189 1211 2256 Iam
1257 2210 1409 2255 vero
1455 2211 1571 2254 cur
1612 2189 1714 2255 bis
1761 2189 2090 2275 expressis
2136 2187 2397 2255 additur
2439 2182 2737 2270 χιτώνιον
2780 2178 3036 2254 ἁπλοῦν
3079 2210 3250 2271 esse,

559 2324 707 2368 cum
754 2307 985 2389 quater
1030 2301 1405 2366 omittatur?
1473 2299 1627 2366 Sine
1674 2301 1873 2366 dubio
1921 2301 2073 2387 quia
2118 2300 2247 2366 duo
2281 2305 2469 2366 erant
2507 2301 2936 2366 chitoniorum
2981 2322 3251 2387 genera,

563 2436 836 2501 quorum
881 2415 1162 2481 alterum
1216 2412 1410 2478 modo
1473 2412 1719 2499 duplex
1773 2413 1967 2478 modo
2029 2413 2314 2499 simplex
2368 2418 2573 2495 esset,
2634 2415 2910 2479 alterum
2967 2413 3247 2500 simplex

560 2534 812 2594 tantum
860 2549 1009 2593 esse
1047 2526 1312 2608 soleret,
1359 2526 1451 2590 ita
1492 2530 1564 2590 ut
1599 2517 1855 2591 ἁπλοῦν
1883 2525 1992 2590 hic
2025 2524 2267 2590 addere
2311 2546 2585 2592 necesse
2619 2546 2748 2589 non
2788 2530 2987 2591 esset.
3057 2526 3244 2591 Illius

558 2646 778 2706 autem
823 2645 974 2704 sunt
1005 2639 1294 2704 chitonia
1323 2639 1472 2725 plus
1502 2640 1799 2703 minusve
1833 2638 2070 2703 talaria
2103 2658 2302 2724 supra
2330 2638 2663 2724 proprium
2697 2637 3024 2703 chitonem
3057 2643 3247 2723 gesta

558 2791 640 2799 -—
671 2744 1143 2841 ἡμιδιπλοίδια
1187 2752 1316 2817 huc
1360 2749 1681 2816 trahenda
1713 2788 1818 2831 —,
1862 2750 2059 2814 huius
2104 2771 2185 2815 ea
2228 2769 2396 2835 quae
2442 2748 2510 2813 in
2555 2747 2695 2834 ipso
2743 2769 3008 2835 corpore
3055 2770 3243 2835 gere-

555 2864 811 2929 bantur.
912 2864 1083 2931 Nam
1151 2884 1298 2928 cum
1365 2862 1667 2928 materiei
1734 2861 2024 2927 tenuitas
2097 2860 2228 2926 alia
2294 2859 2645 2946 endymata
2713 2860 3247 2946 supet-induenda

556 2980 885 3062 posceret,
931 2997 1144 3062 neque
1190 2980 1413 3042 tamen
1462 2975 1583 3040 sub
1632 2976 1710 3039 iis
1758 2973 2078 3060 duplicari
2125 2977 2427 3059 possent,
2475 2972 2645 3058 quod
2690 2974 2852 3038 mire
2901 2994 3095 3059 quam
3143 2974 3243 3038 in-

560 3087 967 3153 commodum
1031 3088 1292 3169 fuisset,
1350 3088 1515 3153 haec
1573 3086 1894 3173 simplicia
1949 3107 2098 3152 esse
2146 3084 2494 3151 debebant.
2599 3084 2727 3149 Illa
2782 3090 3009 3150 contra
3067 3091 3244 3151 certe

558 3201 887 3266 rarissimo
934 3206 1403 3287 apoptygmate
1452 3198 1792 3280 carebant,
1838 3198 2061 3283 itaque
2108 3189 2364 3263 ἁπλοῦν
2405 3197 2514 3262 hic
2558 3196 2835 3262 additur.

728 3345 792 3410 A
861 3346 1240 3411 chitoniscis
1325 3345 1644 3432 simplicia
1725 3345 1842 3409 illa
1922 3343 2211 3409 chitonia
2299 3363 2499 3429 supra
2577 3343 2875 3429 proprios
2946 3345 3241 3411 chitones

558 3465 749 3543 gesta
818 3457 1281 3544 discrepabant
1348 3458 1621 3523 materie
1692 3462 1757 3522 et
1833 3476 2160 3521 mensura.
2272 3453 2462 3528 Quod
2530 3453 2706 3519 haud
2774 3460 3024 3520 certum
3097 3478 3242 3522 esse

561 3591 897 3651 canonem,
937 3591 1063 3657 quo
1096 3592 1255 3636 usus
1287 3571 1485 3636 facile
1517 3570 1585 3634 in
1616 3567 2058 3634 monumentis
2086 3562 2510 3649 χιτωνίσκους
2544 3572 2609 3632 et
2637 3566 2917 3649 χιτῶνας
2958 3566 3243 3650 dirimas,

734 3813 751 3844 ¹
791 3809 847 3865 G.
868 3811 917 3864 Ι.
938 3811 1007 3865 Α.
1045 3810 1146 3866 754
1182 3829 1234 3865 v.
1258 3811 1327 3865 66
1364 3810 1669 3865 Koehlerus
1708 3808 1943 3864 servatis
1988 3807 2167 3863 literis
2207 3812 2371 3861 ΧΙΤΩ
2409 3807 2491 3862 nil
2527 3807 2750 3863 addidit
2783 3806 2893 3862 nisi
2927 3814 2988 3875 N,
3024 3808 3243 3875 dubius,

557 3896 718 3951 credo
735 3938 747 3961 ‚
796 3897 983 3951 utrum
1017 3899 1229 3967 χιτῶνα
1263 3914 1336 3952 an
1370 3895 1631 3967 χιτώνων
1665 3896 1946 3951 scriberet.
2015 3893 2249 3950 Collatis
2294 3893 2491 3949 ceteris
2535 3894 2805 3964 exemplis
2839 3897 2903 3949 tu
2941 3896 3245 3964 ΧΙΤΩ[νιον

556 3981 733 4037 scribe
776 3982 1062 4053 addasque
1106 4001 1153 4039 e.
1190 4002 1273 4055 gr.
1311 3980 1699 4054 ἀνεπίγραφον
1743 3982 2088 4052 δι]ΠΛοΥΝ,
2134 3980 2285 4051 quod
2330 3996 2561 4035 numero
2597 3979 2886 4036 literarum
2933 3982 3243 4038 deletarum

558 4071 869 4141 respondet.

732 4184 826 4239 Bis
861 4187 1152 4254 praeterea
1187 4183 1467 4238 adiectiva
1493 4183 1694 4242 ἁπλοῦς
1719 4184 1777 4236 et
1801 4181 2024 4241 διπλοῦς
2059 4180 2119 4235 in
2156 4179 2341 4234 titulis
2376 4181 2690 4248 occurrunt,
2727 4178 2823 4233 sed
2858 4178 2919 4233 in
2955 4179 3091 4235 loeis
3127 4182 3245 4234 tam

556 4268 787 4335 mutilis,
822 4270 971 4325 utin
1005 4287 1229 4325 censum
1254 4268 1440 4324 vocari
1472 4286 1585 4323 non
1609 4267 1842 4339 possint.
1880 4265 2114 4337 Legitur
2139 4264 2288 4320 enim
2313 4264 2415 4320 754
2439 4282 2492 4319 v.
2516 4265 2673 4333 54155
2697 4269 3177 4319 ΠΑΡΑΛΟΥΡΓΙΔ
3197 4306 3210 4319 .
3232 4314 3245 4327 ,

558 4359 1207 4410 ΝΧΙΤΩΝΙΣΚΟΥΑΠΛΟ
1245 4395 1398 4409 .....
1436 4358 1984 4409 ΙΠΠΗΑΝΕΘΗΚΕΝ.
2044 4351 2250 4407 -Possis
2296 4352 2520 4422 explere
2572 4351 3036 4422 παραλουργίδιον
3076 4370 3244 4422 χιτω-

556 4439 746 4494 νίσκου
783 4441 974 4495 ἁπλοῖ
1006 4442 1346 4510 ΚΑΛΛίππη
1383 4438 1670 4510 ἀνέθηκεν,
1707 4439 1884 4511 possis
1920 4456 2050 4494 vero
2089 4438 2276 4504 etiam,
2312 4441 2380 4493 ut
2411 4437 2718 4492 Koehlerus
2753 4437 2905 4502 fecit,
2939 4438 3244 4510 παραλουρ-

555 4526 738 4595 γίδιον
769 4527 1098 4597 χιτωνίσκου
1135 4528 1271 4582 ἁπλο
1284 4534 1372 4582 YN
1399 4528 1669 4596 ΞΕΝἰππη
1715 4522 1769 4580 ἄ.
1845 4525 1957 4580 Ubi
1992 4524 2166 4579 alium
2202 4542 2269 4579 ac
2303 4525 2470 4580 solito
2507 4541 2728 4579 sensum
2757 4524 2991 4580 haberet
3026 4525 3243 4585 ἁπλοῦς.

556 4614 645 4681 (Iu
691 4614 883 4668 eodem
926 4615 1048 4669 loco
1097 4614 1159 4669 in
1200 4614 1371 4670 titulo
1416 4615 1518 4669 756
1561 4613 1644 4667 nil
1689 4613 1899 4683 legitur
1948 4610 2056 4665 nisi
2094 4640 2121 4651 -
2145 4640 2172 4650 -
2199 4640 2226 4650 -
2263 4616 2723 4664 ΑΛΟΥΡΓΙΔΙΟΝ
2756 4649 2912 4667 .....
2947 4611 2975 4665 I
3009 4613 3243 4680 ----.).

555 4699 700 4754 Dein
748 4700 847 4753 757
897 4717 948 4755 v.
983 4700 1070 4755 25.
1103 4700 1173 4753 26
1218 4700 1389 4755 habes
1444 4705 1535 4753 HE
1552 4729 1770 4739 -----
1827 4699 2123 4768 (incertum
2172 4701 2312 4767 quot
2355 4698 2556 4754 literae
2600 4696 2936 4767 exciderint)
2984 4727 3012 4737 -
3042 4727 3070 4737 -
3122 4703 3250 4752 TON

559 4791 891 4840 AIHAOYN:
925 4785 1252 4859 περιήγητος
1285 4787 1483 4857 utique
1516 4804 1631 4841 non
1668 4784 2054 4856 supplendum.
