3875 5392
1810 355 2239 426 ...30st

849 539 1076 633 Pauca
1120 543 1443 643 quaedam
1489 549 1572 615 de
1621 555 1842 614 cetero
1874 551 2122 616 vestitu
2168 571 2301 616 una
2343 569 2491 616 cum
2538 548 2781 617 Dorico
2812 549 3074 618 chitone
3105 557 3364 639 gestato

677 661 920 727 addere
966 662 1123 727 mihi
1169 663 1389 728 liceat.

849 772 950 838 Ac
1007 775 1288 859 primum
1344 772 1606 859 quidem
1654 773 2016 838 notandum
2078 780 2179 839 est
2233 782 2636 863 apoptygma
2688 799 2727 842 a
2783 777 3045 864 proprio
3101 776 3363 843 chitone

680 886 963 950 solutum
1021 886 1398 971 superulam
1466 885 1790 971 quandam
1855 886 2012 951 fieri.
2116 886 2287 953 Nam
2343 910 2490 954 cum
2551 890 2725 956 haud
2785 909 2932 955 raro
2994 891 3236 956 coloris
3298 896 3366 954 et

2024 1006 2552 1068 ornamentorum
2608 1003 2989 1070 diversitate
3045 1002 3367 1069 efficiatur

2024 1115 2129 1178 vel
2178 1115 2444 1180 solitum
2478 1121 2898 1202 apoptygma,
2944 1115 3117 1201 quod
3156 1116 3223 1179 in
3268 1116 3365 1181 al-

2026 1233 2171 1293 tero
2213 1233 2328 1292 aut
2374 1228 2440 1290 in
2484 1234 2762 1314 utroque
2809 1228 3018 1294 latere
3064 1225 3366 1314 apertum

2029 1347 2161 1422 est,
2232 1360 2362 1404 non
2431 1340 2785 1407 cohaerere
2867 1360 3014 1405 cum
3081 1340 3364 1420 chitone‚

2023 1452 2407 1539 saepissime
2438 1451 2600 1516 illud
2633 1454 2928 1517 clausum
2976 1458 3254 1539 apparet
3298 1458 3367 1516 et

2023 1565 2297 1629 manicis
2368 1570 2481 1629 aut
2551 1564 2886 1628 maschale
2956 1564 3367 1630 instructum.

2022 1676 2191 1740 Tum
2237 1697 2393 1741 vero
2440 1697 2588 1741 cum
2635 1676 2898 1742 chitone
2944 1674 3124 1740 nullo
3170 1677 3365 1740 modo

2024 1789 2444 1852 coniunctum
2494 1810 2644 1854 esse
2686 1792 2924 1874 potest,
2968 1788 3168 1852 immo
3214 1809 3365 1875 pro-

2023 1900 2234 1986 prium
2266 1899 2546 1986 endyma
2576 1900 2820 1965 factum
2854 1903 2976 1964 est.
3038 1899 3363 1985 Exemplo

2025 2012 2143 2076 tibi
2204 2012 2331 2077 sint
2389 2010 2710 2076 Gerhard.
2755 2013 2839 2076 A.
2891 2011 3080 2077 V.-B.
3128 2018 3174 2079 t.
3218 2015 3366 2093 266,

2026 2126 2169 2190 308.
2199 2126 2260 2206 2,
2287 2126 2434 2190 311.
2473 2127 2526 2204 1,
2560 2123 2658 2188 M.
2683 2124 2745 2187 d.
2768 2123 2825 2187 Ι.
2856 2123 2982 2188 ΙΙΙ.
3008 2129 3055 2189 t.
3081 2127 3194 2201 243
3226 2123 3367 2187 Du-

2024 2235 2191 2300 bois.
2232 2235 2677 2299 Introduction
2703 2236 2747 2298 (ὶ
2777 2233 2816 2298 l’
2847 2235 3030 2300 &tude
3058 2235 3167 2299 des
3194 2255 3372 2299 vases

2025 2347 2320 2428 antiques
2342 2353 2388 2412 t.
2421 2349 2522 2414 38.
2592 2347 2932 2435 Interdum
2960 2348 3054 2413 ita
3076 2348 3369 2435 corporis

1353 2402 1581 2546 5¹..ss
1645 2538 1649 2542 ,
1705 2442 1721 2462 ³
2024 2459 2253 2523 formis
2274 2458 2436 2524 illud
2454 2460 2950 2546 superindutum
2972 2465 3371 2547 apoptygma

1501 2618 1513 2638 .
1569 2538 1641 2774 ,κῇ
1685 2582 1741 2774 Ξ
2026 2592 2097 2636 se
2156 2571 2474 2658 applicat,
2533 2578 2606 2636 ut
2673 2573 2739 2636 in
2797 2573 2939 2638 eius
2995 2594 3370 2639 mensuram

1828 2702 1829 2705 ’
2029 2689 2405 2748 consectum
2436 2683 2502 2748 id
2534 2705 2684 2751 esse
2721 2690 2939 2770 putes:
2989 2686 3082 2750 sic
3107 2684 3204 2749 M.
3231 2685 3292 2750 d.
3314 2685 3371 2750 Ι.

1352 2844 1362 2854 .
1421 2844 1432 2857 .
2028 2796 2157 2863 ΙΙΙ.
2204 2802 2251 2859 t.
2284 2798 2389 2876 24,
2444 2794 2592 2860 Coa.
2621 2796 2834 2865 Berol.
2889 2801 3051 2862 1733
3098 2797 3258 2873 Fw„
3305 2796 3371 2859 in

689 2920 880 3004 signo
956 2917 1139 2983 fictili
1215 2916 1566 2982 saltatricis
1642 2911 1816 2998 apud
1893 2909 2215 2990 Schoene,
2291 2908 2540 2973 Griech.
2618 2908 2859 2989 Reliefs
2931 2915 2976 2974 t.
3036 2908 3373 2974 XXXVII

685 3052 793 3097 no,
845 3034 987 3094 145.

689 3285 926 3351 videtur,
963 3285 1061 3356 qui
1112 3282 1278 3339 solito
1325 3299 1476 3338 more
1523 3278 1915 3354 ἐπιτραγῳδῶν
1950 3278 2087 3333 haec
2123 3277 2318 3332 refert:
2365 3277 2590 3332 πάντων
2625 3275 2684 3330 δ’
2718 3279 3020 3333 &mirator
3055 3279 3375 3347 συνέβαινεν

688 3371 777 3426 ἐπὶ
813 3374 924 3426 τῶν
945 3368 1260 3441 Ἀθηναίων·
1299 3371 1352 3423 οἱ
1386 3371 1494 3436 μὲν
1526 3368 1636 3439 γιέρ
1671 3367 1848 3435 κόμας
1871 3365 2131 3435 ἐφόρουν,
2170 3364 2229 3416 αἱ
2264 3363 2325 3416 δὲ
2359 3364 2616 3433 γυναῖκες
2639 3365 2911 3435 ἐκείροντο
2938 3365 3165 3434 (siccine
3180 3365 3248 3434 ?)‚
3283 3364 3371 3417 καὶ

686 3456 798 3516 τοῖς
830 3459 937 3528 μὲν
973 3452 1207 3530 ἀνδράσι
1241 3455 1497 3527 ποδήρεις
1529 3443 1675 3524 ἦσαν
1708 3453 1955 3523 χιτῶνες,
2003 3452 2061 3504 αἱ
2098 3450 2158 3503 δὲ
2192 3451 2449 3520 γυναῖκες
2482 3449 2745 3525 ἐβρύαζον
2780 3452 2841 3505 ἐν
2877 3454 2943 3521 τῇ
2970 3451 3171 3524 Δωρίδι
3193 3451 3374 3520 στολῇ,

687 3543 878 3615 διόπερ
915 3542 1005 3610 καὶ
1043 3546 1119 3603 εἰς
1151 3544 1298 3614 ἡμᾶς
1320 3539 1508 3595 πολλοὶ
1544 3540 1668 3599 totis·
1711 3535 1986 3609 ἀχίτωνας
2032 3536 2320 3609 δωριάζειν
2364 3535 2602 3607 ἔφασαν.
2676 3538 3037 3608 Superstruat
3072 3537 3239 3602 hisee,
3276 3537 3374 3607 qui

687 3630 913 3685 confuse
948 3629 1298 3684 fabulantem
1335 3628 1408 3681 ab
1444 3626 1735 3681 historiam
1771 3624 2049 3679 scribente
2074 3623 2401 3694 dignoscere
2438 3640 2551 3679 non
2588 3626 2789 3694 potest.
2842 3625 3096 3680 Clemens
3133 3625 3375 3679 Alexan-

688 3715 880 3770 drinus
924 3718 1112 3770 autem
1159 3715 1389 3783 eiusque
1424 3712 1728 3768 scholiasta
1771 3710 2026 3781 perducti
2072 3726 2188 3764 esse
2224 3710 2486 3766 videntur
2528 3710 2850 3765 narratione
2893 3711 2996 3765 illa
3039 3711 3107 3765 de
3142 3711 3376 3765 muliere

689 3802 994 3871 Spartana,
1044 3818 1214 3871 quam
1249 3799 1650 3854 additamentis
1688 3796 2005 3852 subditiciis
2040 3798 2265 3851 auctam
2301 3813 2588 3867 accepere,
2642 3799 2701 3851 et
2735 3797 2892 3851 cuius
2926 3798 3232 3867 genuinam
3268 3798 3376 3851 for-

689 3905 835 3941 mam
880 3886 1056 3940 habes
1104 3886 1254 3956 apud
1300 3884 1582 3939 Plutarch.
1631 3883 1826 3938 Moral.
1872 3901 1926 3953 p.
1965 3883 2067 3936 142
2104 3883 2160 3938 C.
2196 3912 2260 3922 —
2300 3884 2527 3953 σχιστόν
2571 3885 2759 3938 autem
2807 3885 3017 3954 χιτῶνα
3052 3884 3376 3940 Doricamm

688 3973 984 4027 mulierum
1021 3973 1418 4026 vestimentum
1455 3971 1624 4025 fuisse
1667 3985 1830 4024 nemo
1867 3968 2201 4038 scriptorum
2236 3971 2515 4038 veterum,
2564 3970 2749 4039 quoad
2786 3987 2891 4039 ego
2934 3971 3064 4040 scio,
3102 3971 3375 4040 perhibet.

690 4060 819 4129 (Cfr.
857 4059 1110 4114 Mueller.
1149 4058 1344 4112 Dorier
1381 4058 1450 4113 ΙΙ.
1486 4076 1541 4127 p.
1565 4058 1669 4112 258
1688 4057 1811 4126 sq.).
1868 4056 2220 4111 Homericum
2258 4055 2500 4125 denique
2536 4056 2819 4112 chitonem
2855 4058 3083 4112 omnino
3119 4075 3155 4111 a
3178 4057 3378 4113 Dorico

692 4146 1098 4216 seiungendum
1136 4161 1251 4199 esse
1287 4148 1417 4214 post
1459 4161 1552 4208 ea,
1597 4161 1742 4213 quae
1787 4144 1847 4197 in
1900 4143 2085 4213 capite
2131 4146 2332 4213 quarto
2381 4144 2547 4200 huius
2591 4145 2769 4214 partis
2815 4145 3204 4214 disputaturus
3239 4162 3376 4208 sum,

687 4231 991 4302 intelliges.
1064 4231 1262 4286 Pollux
1313 4230 1463 4300 quod
1517 4230 1639 4284 VH.
1687 4230 1755 4284 54
1791 4230 2025 4299 profert:
2074 4230 2142 4296 „o‘
2191 4230 2251 4283 δὲ
2299 4232 2520 4300 σχιστός
2560 4231 2734 4301 χιτών
2778 4230 3037 4304 περόναις
3081 4231 3221 4285 xmo?
3256 4230 3380 4289 τοιῗς

695 4316 875 4389 ὤμους
911 4317 1112 4390 διεΐρτο
1161 4314 1253 4370 καὶ
1299 4316 1481 4389 πόρπῃ
1519 4316 1660 4371 κατεῖ
1693 4318 1762 4371 tc?
1798 4318 1998 4387 στέρνα
2035 4317 2271 4387 ἐνῆπτο“
2307 4335 2411 4373 nec
2446 4318 2735 4372 tantillum
2772 4317 2957 4383 valet,
3005 4318 3182 4388 ipsius
3229 4317 3378 4372 enim

689 4403 945 4460 doctrina
981 4406 1089 4467 est,
1127 4420 1296 4473 quam
1335 4420 1366 4458 e
1402 4402 1536 4457 locis
1572 4403 1759 4458 nescio
1796 4403 2001 4472 quibus
2037 4419 2208 4472 prave
2241 4402 2546 4458 intellectis
2582 4403 2894 4459 construxit
2925 4403 3051 4460 sibi.
3096 4404 3266 4459 Cuius
3299 4403 3377 4459 rei

692 4491 1008 4561 exemplum
1043 4489 1342 4544 habuimus
1379 4489 1490 4544 iam
1528 4491 1737 4543 πέπλον
1773 4490 1891 4544 eius
1929 4491 2089 4559 (p.17
2127 4507 2183 4544 n.
2212 4490 2292 4559 2),
2336 4489 2491 4544 aliud
2527 4489 2717 4544 videas
2753 4508 2799 4546 c.
2838 4488 2927 4545 71:
2976 4492 3157 4551 λινοῦς
3189 4491 3379 4561 χιτών,

689 4576 755 4632 ὃν
787 4575 1061 4646 Ἀθηναῖοι
1098 4574 1368 4647 πρότερον
1403 4574 1646 4647 ἐφόρουν
1679 4574 1918 4647 ποδήρη,
1957 4573 2048 4628 καὶ
2086 4563 2249 4635 αὖθις
2270 4573 2448 4636 Ἴωνες
2484 4593 2514 4630 e
2548 4577 2670 4631 loco
2706 4577 3051 4646 Thucydidis
3086 4577 3381 4633 notissimo

690 4664 836 4732 (1.6)
872 4663 1149 4717 effectum.
1221 4661 1476 4716 Fortasse
1521 4661 1615 4716 hic
1660 4661 1916 4732 Sophocl.
1957 4661 2155 4717 'Pi-ach.
2192 4679 2242 4716 v.
2276 4663 2380 4716 924
2399 4681 2479 4732 sq.
2517 4666 2652 4717 ante
2700 4663 2889 4717 oeulos
2934 4663 3195 4730 habebat,
3240 4681 3380 4732 quos

693 4766 800 4821 ego
835 4749 897 4804 in
932 4750 1037 4803 hac
1073 4748 1403 4817 quaestione
1428 4748 1605 4802 sciens
1630 4747 2005 4818 praetermisi,
2043 4748 2178 4817 quia
2212 4748 2350 4802 mihi
2388 4748 2616 4817 quidem
2652 4749 2723 4802 ad
2762 4750 3044 4804 chitonem
3083 4750 3142 4804 in
3180 4767 3382 4806 scaena

695 4838 917 4891 tantum
954 4836 1239 4907 gestatum
1274 4834 1530 4889 recedere
1568 4835 1844 4890 videntur.
2732 4830 2735 4834 ’
