3875 5392
1792 294 2169 355 ...ὅ-,-

632 477 899 563 χλαίνας
931 475 1305 568 ἆπληγίδας
1352 486 1420 545 et
1450 476 1844 567 διπληγίδας
1891 481 2062 543 inter
2095 485 2315 544 vestes
2352 479 2637 544 virorum
2668 478 2968 567 proprias
3001 484 3325 544 recenset.

636 595 769 660 Sed
801 594 974 660 hunc
1007 616 1228 660 errare
1262 594 1417 658 artis
1451 597 1874 657 monumenta
1907 593 2243 667 evincunt3
2276 594 2342 655 in
2370 591 2700 677 Agathiae
2737 597 2959 656 autem
2992 590 3322 677 epigram-

637 712 810 772 mate
838 704 1139 791 (Anthol.
1161 704 1476 770 Palat.V.
1508 708 1630 769 294
1664 725 1725 770 v.
1748 703 1816 788 4)
1863 696 2124 783 ἆπλοΐς,
2158 710 2225 769 et
2256 704 2322 768 in
2353 704 2557 770 schol.
2591 703 2673 770 ad
2700 703 2975 770 Theocr.
3002 703 3324 769 Adoniaz.

638 840 698 882 v.
734 820 813 881 34
860 813 1128 895 διπλοΐς
1173 814 1254 881 de
1302 815 1592 880 mulieris
1638 815 1908 880 himatio
1956 822 2328 901 usurpatur.

812 930 902 993 At
945 949 1162 993 nonne
1209 927 1485 1014 cogitari
1526 928 1753 1013 possit,
1801 932 1874 991 ut
1916 920 2130 1008 χιτών,
2178 921 2345 1014 ζώνη
2376 928 2681 1008 virorum,
2725 920 3046 1008 χιτώνιον,
3094 920 3322 1007 ζώνιον

638 1041 980 1106 mulierum
1015 1045 1166 1104 sunt
1197 1076 1281 1088 —-
1312 1060 1397 1104 ex
1429 1039 2042 1124 lexicographorum
2079 1038 2340 1124 quidem
2374 1039 2747 1125 praeceptis
2770 1036 2794 1077 ¹
2829 1075 2909 1085 —-
2941 1038 3034 1103 sic
3059 1036 3324 1117 διπλοΐς

637 1173 866 1217 vocem
898 1153 1185 1216 virorum
1227 1156 1482 1215 tantum
1530 1150 1799 1214 himatia
1846 1149 2280 1234 significasse,
2329 1149 2411 1214 de
2458 1149 2800 1214 mulierum
2833 1171 2990 1216 vero
3036 1150 3323 1216 himatiis

641 1264 1110 1329 deminutivam
1155 1263 1456 1342 formam,
1503 1283 1591 1326 sc.
1639 1256 2017 1326 διπλοίδιον
2061 1260 2420 1325 adhibitam
2466 1267 2662 1327 esse?

808 1373 1002 1448 Quod
1056 1380 1130 1437 ut
1187 1372 1426 1437 falsum
1483 1394 1629 1437 esse
1693 1371 2168 1453 demonstrem,
2237 1393 2367 1436 non
2422 1378 2572 1437 utar
2623 1372 3013 1439 Theocriteo
3073 1374 3322 1440 scholio

636 1487 825 1552 modo
872 1486 1106 1561 allato;
1165 1485 1585 1570 integriorem
1627 1483 1877 1549 fontem
1924 1484 2187 1565 adeam,
2235 1486 2345 1571 qui
2393 1485 2584 1550 simul
2628 1486 2860 1551 unicus
2908 1491 3043 1568 est,
3110 1508 3146 1551 e
3194 1507 3321 1573 quo

635 1598 718 1663 de
763 1597 1078 1682 diploidio
1127 1603 1309 1662 certa
1351 1596 1672 1682 quaedam
1718 1596 1980 1661 haurire
2014 1597 2369 1681 possimus:
2416 1595 3027 1662 Ecclesiazusarum
3057 1595 3319 1663 Aristo-

636 1710 938 1795 phaneae
994 1710 1272 1775 alteram
1335 1729 1641 1774 scaenam
1694 1708 1872 1787 dico,
1936 1709 2005 1772 in
2050 1729 2177 1793 qua
2223 1707 2312 1793 (v.
2347 1709 2471 1773 318
2500 1706 2776 1795 Bergk.)
2821 1701 3324 1797 ἡμιδιπλοίδιον

638 1826 1202 1886 commemoratur.
1303 1819 1361 1884 E
1422 1819 1710 1885 Pollucis
1772 1820 1949 1884 enim
2006 1820 2256 1901 verbis,
2322 1821 2431 1906 qui
2484 1819 2670 1907 (VII.
2719 1820 2832 1907 49)
2889 1821 3063 1887 inter
3121 1824 3320 1887 vesti-

637 1939 858 1999 menta
898 1926 1045 1998 ἴδια
1088 1932 1407 2019 γυναικῶν
1453 1932 1678 1997 refert:
1741 1928 2019 2015 ἐπωμίς,
2078 1929 2478 2014 διπλοίδιον,
2537 1924 3067 2021 ἡμιδιπλοίδιον,
3091 1927 3324 2011 ,κατά-

636 2066 897 2122 στικτος
940 2043 1075 2108 κτλ.
1122 2043 1214 2108 nil
1262 2042 1432 2108 effici
1481 2048 1714 2128 potest.

808 2155 1030 2241 Atque
1104 2156 1320 2220 locum
1382 2154 1979 2241 Aristophanem,
2054 2177 2198 2220 cum
2268 2156 2444 2221 haud
2520 2158 2749 2242 paucis
2829 2135 3322 2223 difficultatibus

637 2266 988 2354 impeditus
1050 2267 1168 2347 sit,
1227 2271 1440 2332 totum
1493 2287 1841 2352 apponam.
1932 2288 1992 2334 v,
2031 2270 2151 2331 311
2202 2266 2561 2355 Blepyrus,
2625 2270 2809 2335 cuius
2855 2290 3025 2334 uxor
3066 2270 3320 2335 Praxa-

639 2401 802 2466 gora
842 2399 1036 2444 mane
1085 2379 1254 2443 clam
1301 2384 1685 2444 excesserat
1727 2379 1947 2443 mariti
1991 2380 2260 2444 himatio
2307 2386 2374 2446 et
2420 2381 2664 2448 calceis
2709 2381 2937 2447 induta
2971 2416 3047 2429 —
3095 2378 3322 2470 ἐκκλη-

641 2485 970 2557 σιάσουσα
1013 2511 1251 2576 nempe
1298 2526 1380 2538 -
1426 2490 1661 2575 prodit,
1710 2498 1981 2576 questus
2029 2491 2109 2557 de
2156 2491 2314 2577 fuga
2358 2493 2605 2560 uxoris.
2696 2493 2862 2557 Tum
2909 2495 3148 2580 pergit:

643 2602 731 2687 (v.
765 2602 917 2687 313)

1073 2682 1197 2772 ἐγὼ
1242 2684 1316 2754 δὲ
1359 2681 1755 2770 κατάκειμαι
1802 2682 2017 2753 πάλαι
2063 2688 2372 2775 χεζητιῶν

1071 2794 1191 2879 τὰς
1235 2795 1530 2885 ἐμβάδας
1574 2800 1779 2886 ζητῶν
1822 2800 2048 2885 λαβεῖν
2092 2798 2158 2866 ἐν
2200 2802 2296 2888 tq*
2340 2796 2554 2888 σκότῳ

893 2944 984 2985 ³1⁵
1080 2911 1193 2978 καὶ
1237 2906 1619 2995 θοίμάτιον·
1667 2906 1777 2978 ὅτε
1822 2907 1903 3001 δὴ
1953 2904 2027 2976 δ’·
2067 2909 2272 2978 ἐκεῖνο
2319 2913 2647 3001 ψηλαφῶν

904 3041 911 3051 ·
1079 3019 1199 3091 οὐκ
1243 3018 1563 3112 ἐδυνάμην
1607 3016 1831 3110 εὑρεῖν,
1880 3017 1916 3091 ὁ
1965 3017 2152 3113 δ’ἤδη
2194 3020 2313 3114 τὴν
2355 3020 2571 3112 θύραν

1074 3134 1295 3218 ἐπεῖχε
1337 3129 1587 3222 κρούων
1633 3127 1668 3200 ὁ
1715 3139 2090 3221 κοπρεαῖος,
2136 3131 2512 3221 λαμβάνω

1070 3246 1302 3315 τουτὶ
1355 3243 1441 3314 τὸ
1497 3249 1638 3336 τῆς
1698 3244 2079 3334 γυναικὸς
2136 3241 2760 3337 ἡμιδιπλοίδιον

1072 3358 1185 3425 καὶ
1229 3353 1349 3438 τὰς
1392 3354 1637 3447 ἐκείνης
1680 3353 2013 3443 Περσικὰς
2057 3351 2442 3446 ὑφέλκομαι.

644 3472 955 3536 Fortasse
1002 3468 1285 3534 nondum
1340 3469 1677 3550 consedit,
1735 3491 1884 3534 cum
1928 3470 2179 3535 vicinus
2239 3471 2500 3556 quidam
2562 3472 2808 3558 prodit,
2871 3474 2982 3559 qui
3038 3474 3326 3561 Blepyro

647 3589 993 3670 conspecto
1040 3581 1311 3646 miratus
1358 3581 1718 3647 exclamat:

653 3696 745 3781 (v.
780 3691 937 3778 328)

2059 3773 2213 3844 εἰπέ
2252 3804 2387 3863 μοι,

1074 3885 1142 3954 τί
1185 3883 1381 3955 τοῦτό
1426 3908 1534 3954 σοι
1576 3883 1655 3955 τὸ
1701 3884 1948 3975 πυρρόν
1991 3887 2200 3971 ἐστιν,·
2244 3882 2323 3956 οὗ
2362 3887 2431 3956 τί
2471 3915 2606 3959 που

1073 3994 1396 4086 Κινησίας
1438 4019 1559 4066 σου
1602 3996 2097 4088 κατατετίληκέν
2140 4005 2391 4084 ποθενς

646 4112 1033 4200 Respondet
1076 4112 1189 4178 ille

649 4224 924 4311 (v.331)
1122 4302 1153 4326 ν
1276 4301 1295 4327 )
1398 4303 1413 4326 x
1519 4310 1551 4324 ..
1867 4305 1885 4328 ς
1988 4309 2006 4334 ι
2140 4308 2157 4331 Ι

1076 4333 1211 4391 ουκ,
1258 4308 1424 4374 αλλα
1466 4334 1585 4398 της
1628 4332 1929 4396 γυναικος
1973 4311 2339 4401 εξεληλυθα

1075 4421 1161 4488 τὸ
1206 4417 1742 4507 κροκωτίδιον
1787 4415 2443 4509 ἀμπισχόμενος,
2490 4418 2944 4492 οὑνδύεται.

827 4581 843 4611 ¹
882 4578 963 4631 De
998 4575 1141 4644 ζώνη
1164 4578 1182 4644 l
1204 4574 1401 4638 ζώνιον
1435 4576 1530 4629 cfr.
1554 4576 1808 4633 Ammon.
1846 4578 1915 4633 de
1952 4577 2128 4634 differ.
2156 4579 2268 4635 adf.
2291 4596 2409 4634 voc.
2436 4598 2478 4635 s.
2497 4596 2568 4648 v.,
2604 4579 2824 4634 Moeris.
2850 4598 2906 4650 p.
2934 4582 3032 4634 169
3069 4580 3330 4645 Pierson.‚

650 4663 842 4718 Thom.
870 4662 1020 4733 Mag.
1044 4681 1099 4731 p.
1130 4662 1246 4717 167.
1273 4662 1356 4716 10.
1426 4661 1677 4727 Bitschl„
1713 4663 1881 4727 alios3
1919 4664 1989 4719 de
2021 4663 2195 4734 χιτών
2229 4667 2247 4733 Ι
2280 4665 2567 4734 laomor:
2603 4665 2846 4721 Thomas
2882 4666 3028 4737 Mag.
3060 4685 3115 4737 p.
3139 4668 3258 4723 401.
3280 4668 3330 4723 4.

650 4748 860 4805 Anecd.
898 4749 1236 4804 Bachmann.
1274 4747 1327 4801 11
1366 4765 1417 4818 p.
1455 4749 1574 4815 378,
1609 4748 1725 4804 alia
1760 4750 1939 4806 lexica
1974 4770 2015 4805 s.
2040 4770 2091 4806 v.
2130 4771 2170 4805 s.
2196 4769 2246 4805 v.
