3875 5392
1707 393 2089 457 ..3-

725 583 913 649 Haec
961 583 1177 648 omnia
1221 604 1351 648 non
1398 582 1546 648 ideo
1579 584 2015 669 exponebam,
2064 604 2140 648 ac
2188 584 2243 648 si
2276 598 2448 647 nova
2494 581 2728 648 docere
2759 582 3018 648 vellem.
3089 584 3229 649 Iam

554 712 797 777 dudum
842 715 1014 778 enim
1061 735 1191 778 non
1239 714 1447 778 solum
1497 712 1918 778 ostenderunt
1963 713 2131 777 viam
2188 712 2381 777 modo
2426 711 2821 776 delineatam
2874 712 2988 777 sed
3037 714 3233 778 etiam

553 840 738 906 firmo
786 841 954 927 pede
988 863 1068 907 ea
1098 842 1437 927 praeivere
1469 842 1590 905 viri
1640 842 1890 927 egregii
1936 840 2154 906 Oonze
2185 847 2252 906 et
2282 840 2555 926 Helbig.
2631 839 2922 914 Quorum
2954 843 3238 927 vestigia

551 976 819 1035 secutus
864 971 1009 1056 ipse
1054 970 1207 1056 quid
1254 972 1321 1035 in
1368 991 1437 1035 re
1484 969 1794 1037 vestiaria
1827 971 2054 1034 Attica
2099 971 2195 1035 sic
2241 969 2584 1035 tractanda
2629 969 2801 1034 effici
2848 972 3071 1055 possit,
3119 992 3235 1035 ex-

554 1099 794 1185 periar,
839 1100 960 1163 illa
1002 1100 1338 1184 praefatus
1382 1105 1454 1163 ut
1501 1106 1746 1164 rectam
1791 1100 1962 1163 viam
2009 1119 2112 1163 me
2158 1119 2357 1164 nosse
2405 1099 2637 1163 saltem
2686 1099 2873 1163 scias.
2921 1137 3002 1146 --

722 1227 812 1292 Et
855 1228 1136 1314 primum
1186 1228 1449 1314 quidem
1497 1250 1689 1295 voces
1737 1229 2051 1312 quasdam
2094 1228 2495 1293 difficiliores
2544 1227 2878 1312 explicare
2928 1228 3236 1309 conabor,

553 1356 701 1422 dein
733 1359 1017 1423 vestitus
1045 1358 1384 1423 muliebris
1415 1358 1785 1424 Atticorum
1812 1378 2023 1443 usque
2068 1357 2149 1422 ad
2180 1356 2545 1421 Pericleam
2578 1362 2861 1422 aetatem
2903 1356 3234 1422 historiam

554 1487 872 1552 extremis
912 1487 1332 1552 lineamentis
1378 1487 1772 1553 describam.
1847 1486 2221 1551 Muliebris:
2269 1508 2418 1552 nam
2467 1507 2612 1549 cum
2659 1486 2816 1550 satis
2859 1486 3107 1572 largam
3153 1486 3234 1550 ad

548 1616 839 1682 rationes
897 1616 1172 1681 vestitus
1229 1613 1695 1699 intelligendas
1763 1612 2104 1678 materiem
2173 1613 2280 1677 ille
2340 1612 2719 1697 praeberet,
2782 1632 2858 1677 co
2915 1634 3018 1677 me
3079 1634 3233 1677 con-

551 1748 864 1814 tinebam.
923 1746 1055 1813 Sed
1084 1747 1239 1812 licet
1271 1747 1589 1811 arctiores
1618 1745 1776 1809 mihi
1809 1743 2270 1829 descripserim
2300 1742 2487 1823 fines,
2519 1746 2742 1805 tamen
2772 1740 2931 1805 satis
2961 1762 3236 1827 magnus

555 1878 824 1942 relictus
872 1884 975 1942 est
1007 1898 1276 1963 campus
1323 1882 1393 1941 et
1439 1875 1819 1942 immensior
1865 1880 2042 1938 certe
2073 1873 2302 1953 multo,
2351 1892 2541 1956 quam
2591 1891 2782 1955 quem
2813 1892 2985 1935 nunc
3031 1878 3234 1936 totum

549 2006 839 2072 fundit-us
901 2026 1209 2093 perarare
1269 2006 1612 2091 potuerim.
1703 2004 1794 2068 Ut
1851 2004 1906 2068 si
1952 2003 2123 2067 hunc
2183 2002 2366 2067 illum
2423 2001 2673 2065 sulcum
2728 2006 2908 2065 recte
2963 1999 3233 2067 duxisse

550 2136 755 2217 dicar,
813 2136 973 2200 satis
1020 2140 1399 2200 contentum
1445 2156 1549 2200 me
1597 2134 1736 2199 fore
1785 2133 2112 2219 profitear.

2836 4967 2996 5021 1*‘
