3875 5392
1803 364 2225 433 ...14-

652 556 1097 643 diploidium.¹
1199 557 1466 645 Ergone
1526 557 1856 645 deplicata
1909 594 1993 605 —
2056 558 2271 645 capite
2335 560 2544 623 altero
2607 557 3006 644 perlustrato
3066 557 3344 622 fortasse

654 668 958 752 ignosces
1006 660 1358 753 ἀμαρτύρῳ
1403 667 1559 733 huic
1601 668 1744 732 voci
1791 705 1873 715 -—
1922 669 2039 733 illa
2084 689 2126 732 a
2171 669 2430 734 chitone
2475 670 2744 755 proprio
2791 687 2944 756 pars
2983 674 3106 751 est,
3152 690 3344 756 quam

655 800 696 843 a
727 778 986 844 chitone
1022 786 1534 866 separaverunt?
1604 778 1734 845 Sed
1780 801 2103 866 nusquam
2147 780 2412 846 credam
2453 781 2745 865 linguam
2776 781 3104 869 vigentem
3136 782 3346 846 adhuc

653 889 933 955 necdum
981 896 1439 956 senescentem
1486 896 1620 955 tam
1665 891 2044 977 languidam
2091 898 2356 978 tamque
2403 891 2752 958 obscuram
2798 892 3344 978 significationem

656 1002 1010 1083 invenisse,
1059 1023 1226 1087 quae
1274 1002 1343 1065 in
1390 1024 1461 1068 se
1508 1003 1749 1068 habeat
1794 1004 2333 1091 repugnantiam,
2389 1004 2628 1092 quippe
2674 1005 2926 1070 tollitur
2971 1001 3347 1071 διπλοίδιον

659 1114 836 1179 vocis
883 1114 1063 1178 notio
1109 1105 1308 1201 ἡμι·2
1354 1115 1489 1180 illo.
1592 1115 1801 1180 Immo
1848 1116 2096 1201 duplex
2142 1123 2209 1180 et
2252 1115 2789 1203 hemidiploidion
2834 1118 3030 1183 fuerit
3077 1132 3347 1183 necesse

662 1231 793 1306 est,
840 1225 1017 1310 quod
1062 1246 1142 1290 ea
1183 1231 1436 1290 tantum
1485 1225 1566 1291 de
1613 1248 1813 1291 causa
1858 1227 2270 1294 dimidiatum
2307 1228 2660 1293 vocabatur
2705 1229 2881 1317 diplo
2929 1228 3135 1310 idion,
3197 1230 3349 1315 quia

666 1336 933 1403 dimidio
989 1337 1250 1403 brevior
1307 1345 1476 1420 erat,
1541 1360 1734 1425 quam
1798 1340 2205 1427 diploidium.
2296 1340 2445 1405 Hoc
2503 1342 2712 1406 talare
2776 1349 2897 1423 est,
2955 1340 3116 1406 illud
3175 1338 3353 1405 circa

665 1469 882 1535 genua
935 1450 1074 1515 fere
1130 1449 1399 1515 desinit:
1473 1453 1779 1538 exemplo
1849 1453 1970 1517 tibi
2041 1454 2171 1517 sint
2240 1452 2540 1517 Minerva
2605 1454 2670 1517 in
2732 1453 3016 1518 vasculis
3097 1452 3350 1517 duobus

660 1560 1231 1626 Berolinensibus:
1278 1562 1360 1625 A.
1393 1561 1468 1626 Ζ.
1512 1563 1831 1629 XXXIV.
1882 1566 2067 1630 1876.
2107 1570 2151 1629 t.
2195 1569 2290 1643 11,
2337 1564 2695 1645 Benndorf,
2748 1565 2997 1629 Griech.
3025 1564 3163 1629 und
3189 1562 3349 1628 sicil.

676 1671 864 1739 V.-B.
912 1679 958 1736 t.
986 1675 1087 1739 27.
1134 1675 1193 1753 3,
1241 1672 1394 1737 dein
1439 1673 1538 1737 M.
1564 1674 1694 1738 dJ.
1726 1674 1809 1740 X.
1844 1680 1889 1739 t.
1915 1680 2020 1739 54.
2096 1676 2220 1741 Est
2250 1697 2405 1762 ergo
2441 1679 2752 1762 superula
2781 1677 3105 1763 quaedam
3140 1676 3351 1741 hemi-

663 1784 1052 1872 diploidion:
1101 1784 1271 1849 hanc
1315 1792 1515 1850 noctu
1559 1785 1954 1872 deposuisse
1995 1788 2305 1853 mulieres
2353 1788 2524 1852 haud
2572 1788 2914 1871 absonum,
2961 1787 3178 1869 credo,
3228 1794 3351 1869 est,

661 1897 956 1983 nihilque
1015 1897 1320 1984 impedit,
1388 1899 1734 1984 quominus
1792 1920 1999 1985 prope
2055 1901 2297 1966 lectum
2362 1921 2508 1965 eam
2562 1900 2951 1986 deposuisse
3006 1901 3155 1965 illas
3218 1905 3351 1966 sta-

668 2016 952 2077 tuamus.
1041 2009 1262 2074 Cistae
1310 2010 1487 2074 enim
1534 2010 1885 2076 vestiariae
1931 2011 2290 2077 abhorrere
2330 2011 2489 2076 mihi
2535 2011 2839 2077 videntur
2885 2032 2925 2075 a
2969 2011 3241 2096 Blepyri
3289 2016 3356 2075 et

671 2121 892 2186 uxoris
942 2119 1344 2203 condicione,
1393 2122 1506 2205 qui
1537 2121 1891 2188 dormitent
1935 2122 2224 2188 bimatiis
2270 2145 2390 2210 pro
2437 2124 2779 2212 opertoriis
2825 2130 3025 2189 noctu
3070 2128 3354 2203 utentes,

667 2234 780 2320 qui
839 2254 1109 2320 gravem
1170 2234 1487 2299 iacturam
1540 2234 1783 2300 ducant
1839 2236 2121 2300 triobolo
2184 2237 2635 2302 ecclesiastico
2692 2236 2935 2322 privari
2994 2233 3087 2320 (v,
3121 2237 3237 2299 391
3260 2255 3354 2318 sq.

665 2365 728 2411 V.
769 2342 947 2431 547),
1010 2346 1120 2430 qui
1166 2346 1427 2430 singula
1474 2350 1726 2411 tantum
1772 2347 2042 2412 himatia
2084 2346 2470 2433 possideant
2513 2385 2597 2395 --
2642 2348 2916 2413 maritus
2964 2345 3225 2433 quidem
3273 2381 3356 2393 --

667 2454 757 2543 (V.
794 2456 971 2542 353).
1023 2494 1099 2505 —
1150 2457 1253 2521 Ac
1295 2460 1701 2542 grammatici
1750 2480 2008 2544 quoque
2059 2459 2220 2523 illud
2262 2452 2421 2546 ἡμι-
2457 2466 2681 2525 nostro
2715 2480 2915 2526 sensu
2944 2458 3357 2544 interpretati

669 2588 815 2634 esse
848 2566 1176 2649 videntur,
1225 2571 1279 2633 si
1314 2570 1577 2656 quidem
1607 2571 1856 2635 habent
1893 2622 1904 2635 .
1937 2621 1951 2636 .
1980 2623 1991 2634 .
2019 2577 2118 2656 βρ
2140 2566 2291 2651 αχῦ
2327 2568 2722 2659 περίβλημα,
2767 2561 2808 2638 3
2832 2621 3024 2641 .....
3043 2569 3361 2658 φοροῦσιν

664 2671 823 2775 ὑπὸ
867 2674 1003 2746 τὸν
1045 2674 1296 2766 μηρόν
1341 2680 1645 2768 (Photius
1691 2705 1755 2770 p.
1788 2685 1934 2749 260.
1997 2682 2240 2764 Naber,
2287 2683 2502 2769 Etym.
2535 2683 2755 2770 Magn.
2804 2707 2866 2770 p.
2908 2685 3053 2748 430.
3094 2680 3207 2769 46)
3262 2687 3356 2745 et:

677 2785 942 2875 ἱμάτιον
1019 2787 1315 2877 μικρόν
1395 2790 1807 2877 (Hesych.).³
1919 2791 2399 2857 Grammaticos
2437 2798 2614 2857 'cum
2684 2813 3224 2871 commemorem,
3293 2793 3359 2869 in

672 2906 959 2969 mentem
1023 2903 1182 2967 mihi
1240 2904 1450 2985 venit,
1519 2903 1692 2990 quod
1768 2905 1942 2968 sicco
2012 2905 2184 2992 pede
2255 2927 2364 2969 eos
2434 2906 2804 2969 transierim
2859 2896 3364 2992 ἡμιδιπλοίδιον

671 3014 989 3081 himation
1039 3037 1189 3080 esse
1236 3016 1566 3081 docentes.
1659 3016 1848 3090 Quod
1896 3038 1978 3081 ne
2028 3019 2131 3081 cui
2163 3018 2357 3081 nimis
2390 3018 2808 3082 temerarium
2840 3015 3143 3080 videatur
3189 3034 3361 3094 esse,

672 3147 1033 3216 proponam
1080 3127 1687 3212 interpretationem
1732 3127 1940 3212 ipsam
1974 3147 2232 3212 quoque
2266 3126 2350 3191 ad
2382 3126 2924 3217 hemidiploidion
2955 3131 3362 3213 spectantem

674 3237 966 3305 eiusdem
1029 3237 1454 3323 grammatici.
1547 3235 1720 3309 Quid
1777 3235 2043 3300 tandem
2098 3236 2260 3300 illud
2316 3230 2497 3302 ἔνδον
2558 3259 2611 3300 s.
2668 3231 2937 3302 ἔνδοθεν
2982 3236 3129 3321 (cfr.
3176 3257 3242 3323 p.
3284 3240 3362 3299 10

672 3373 736 3419 n.
770 3351 838 3434 2)
903 3350 1027 3415 sibi
1075 3350 1246 3414 velle
1304 3353 1543 3434 putas?
1633 3348 1742 3410 An
1804 3347 1924 3412 sub
1982 3348 2112 3411 alia
2157 3354 2342 3412 veste
2400 3347 2563 3412 illud
2615 3355 2947 3434 gestatum
2991 3353 3184 3413 esse?
3274 3347 3366 3411 At

859 3593 876 3623 ¹
914 3589 1111 3657 Neque
1157 3587 1305 3642 enim
1343 3587 1559 3642 Goellio
1597 3585 2012 3641 assentiendum
2060 3589 2223 3656 pum,
2274 3587 2373 3654 qui
2423 3587 2682 3656 (Becker,
2723 3587 3008 3655 Charicles,
3047 3585 3233 3641 Bilder
3264 3587 3365 3641 alt-

676 3674 864 3743 priech.
901 3673 1029 3728 Siue
1061 3677 1177 3727 etc!
1214 3674 1296 3727 III
1330 3692 1383 3744 p.
1408 3673 1534 3741 223)
1584 3671 1727 3726 illud
1760 3671 1891 3741 ἦμι-
1928 3689 2042 3725 non
2092 3672 2317 3742 proprio
2354 3689 2518 3726 sensu
2554 3671 2765 3726 dictum
2801 3672 3126 3739 arbitratur,
3173 3671 3270 3726 sed
3306 3672 3367 3726 in

681 3777 746 3816 eo
781 3759 866 3813 nil
901 3759 1059 3813 videt
1090 3759 1201 3813 nisi
1236 3760 1431 3827 „einen
1464 3757 1771 3825 thumum-qen
1807 3756 1991 3809 Schmz
2032 3756 2120 3809 des
2155 3757 2438 3826 Blepyrtw,
2478 3756 2552 3809 da
2585 3756 2812 3812 dasselbc
2844 3758 2954 3812 Hm
2985 3758 3083 3823 fiio·
3114 3756 3200 3811 die
3232 3757 3369 3813 kalte

676 3845 859 3901 Nacht
895 3861 965 3899 ειι
1000 3845 1170 3913 weniy
1201 3844 1322 3898 ist“.
1396 3845 1593 3912 Neque
1630 3843 1806 3907 enim,
1854 3845 1918 3897 ut
1953 3842 2022 3897 de
2058 3843 2198 3897 miro
2235 3842 2385 3897 vocis
2419 3843 2551 3913 ἠμι-
2588 3852 2691 3897 usn
2726 3846 2972 3909 taceam,
3009 3843 3072 3897 in
3107 3845 3232 3898 tota
3266 3843 3369 3897 illa

677 3947 877 3986 scaena
901 3930 1175 4000 Blepyrus
1212 3946 1455 3998 unquam
1482 3928 1552 3983 de
1576 3927 1781 3998 frigore
1817 3928 2093 3996 queritur;
2131 3928 2178 3982 si
2206 3945 2332 3984 vero
2370 3932 2592 3998 praeter
2625 3931 2836 3984 ceteras
2871 3928 3158 3983 molestias
3194 3929 3368 3984 etiam

678 4016 884 4086 frigore
930 4016 1281 4071 laborantem
1330 4015 1489 4068 illum
1536 4014 1742 4084 fingere
1790 4015 2060 4069 voluisset
2096 4014 2520 4084 Aristophanes,
2573 4014 2758 4083 ipsum
2802 4015 2908 4069 hac
2951 4014 3022 4069 de
3059 4031 3119 4070 re
3156 4006 3368 4070 lamen-'-

679 4105 895 4157 tantem
931 4101 1174 4156 fecisset!
1248 4100 1354 4167 Qui
1393 4100 1543 4155 enim
1578 4117 1613 4154 a
1658 4100 2068 4171 spectatoribus
2115 4100 2387 4170 postulari
2431 4102 2644 4171 potest,
2693 4102 2759 4154 ut
2801 4100 3154 4170 Praxagorae
3199 4100 3370 4156 verba

678 4207 731 4243 V.
755 4190 883 4243 539:
920 4190 1102 4257 ψῦχος
1124 4187 1234 4259 γιέρ
1264 4177 1351 4256 ἦν,
1389 4187 1499 4255 ἐγώ
1532 4186 1592 4239 δὲ
1617 4187 1784 4256 λεπτή
1820 4182 2110 4256 κάσθενής·
2148 4183 2323 4240 ἔπειθ’
2347 4183 2416 4238 ἵν’
2452 4181 2776 4256 ἀλεαίνοιμι,
2811 4182 2958 4240 τοῦτ’
2987 4182 3370 4257 ἦμπισχόμην,

680 4274 741 4328 in
776 4274 980 4344 quibus
1018 4274 1142 4327 unis
1178 4273 1248 4328 de
1285 4274 1492 4344 frigore
1528 4273 1709 4328 noctis
1744 4274 1950 4343 agitur,
1992 4273 2355 4344 praesagiant
2389 4290 2441 4326 v.
2466 4272 2608 4326 317?

857 4383 879 4413 ²
918 4378 1144 4431 Prorsus
1191 4377 1502 4447 separanda
1550 4376 1700 4430 enim
1754 4376 1826 4430 ab
1873 4378 1981 4431 hac
2027 4376 2309 4430 locutione
2327 4418 2339 4439 ‚
2405 4392 2554 4445 quae
2595 4377 2862 4431 sermonis
2910 4375 3184 4431 cotidiani
3234 4380 3371 4441 erat,

684 4463 1005 4534 excogitata
1030 4463 1130 4516 illa
1155 4479 1414 4531 mereque
1438 4461 1695 4516 technica
1719 4461 1936 4517 Timaei
1962 4462 2266 4527 Locrensis,
2301 4462 2398 4531 qui
2419 4464 2626 4516 certam
2651 4461 2935 4530 quandam
2959 4461 3372 4532 triangulorum

682 4549 921 4620 speciem
960 4548 1449 4618 ,,ἁμιτετράγωνα“
1486 4553 1674 4613 vocat,
1733 4546 1875 4618 [περὶ
1916 4549 2097 4617 ψυχῆς
2132 4546 2319 4618 κόσμω
2364 4545 2455 4599 καὶ
2493 4547 2714 4617 φύσιος,
2765 4548 2814 4601 5.
2851 4546 3116 4603 Mullach.
3152 4549 3371 4618 Fraym.

688 4635 885 4689 Phaon.
929 4634 1112 4690 Graec.
1151 4636 1203 4688 H
1240 4653 1294 4704 p.
1319 4634 1427 4702 41].
1499 4633 1686 4703 Atque
1733 4633 1880 4687 idem
1927 4633 2044 4688 alia
2079 4634 2351 4703 quaedam
2389 4632 2678 4702 triangula
2716 4632 3062 4702 ἁμιτρὶγωνα
3096 4633 3372 4689 nominat.

862 4740 883 4770 ³
919 4736 1027 4791 cfr.
1064 4736 1298 4804 Hesych.
1338 4738 1396 4789 et
1432 4735 1585 4789 Suid.
1623 4754 1665 4791 s,
1701 4754 1755 4792 V.
1792 4736 2118 4808 ἦμιφάριον·
2155 4735 2326 4806 ἥμισυ
2362 4736 2597 4805 ἱματίου.
2636 4738 2712 4774 —4
2740 4735 2912 4789 Locos
2949 4735 3023 4789 ad
3058 4736 3372 4806 ἡμιδιπλοί-

685 4823 805 4877 διον
845 4826 1160 4894 spectantes
1196 4840 1247 4875 v.
1286 4841 1338 4891 p.
1368 4823 1435 4875 10
1469 4823 1585 4875 not.
1622 4824 1668 4875 2.
