3875 5392
1643 260 2065 319 „33—

506 445 767 510 omnino
801 467 884 510 ex
917 466 1046 511 usu
1077 445 1327 510 eicitur.
1382 445 1614 527 Immo,
1646 468 1771 510 non
1801 447 2013 512 solum
2046 444 2266 511 Ionico
2300 445 2545 511 vestitu
2578 452 2893 532 regnante
2926 446 3195 532 geritur,

505 559 621 624 sed
667 559 774 623 vel
820 558 888 622 in
934 557 1236 624 Periclea
1282 564 1499 623 aetate
1547 559 1760 624 adhuc
1804 560 1995 624 vivit:
2054 560 2184 623 iam
2229 559 2333 622 hic
2396 560 2567 623 enim
2617 560 2987 644 significare
3037 559 3192 623 mihi

504 673 720 754 liceat,
766 671 997 735 ultima
1043 672 1184 736 eius
1232 673 1513 757 vestigia
1556 674 1623 736 in
1670 673 1968 737 amiculis
2013 671 2387 737 Atticarum
2433 671 2758 756 virginum
2803 693 2921 735 nos
2968 677 3195 736 tenere

507 783 654 868 (cfr.
702 783 968 869 zophori
1015 784 1453 849 Parthenonis
1500 784 1826 870 virgines,
1873 785 2185 870 Virgines
2231 783 2621 864 Erechthei,
2668 782 2912 847 Pacem
2960 781 3197 867 Cephi-

506 894 738 977 sodoti,
787 902 885 961 tot
933 901 1316 983 ectyporum
1362 896 1606 982 figuras
1652 896 2058 982 muliebres).

677 1006 899 1092 Atque
947 1007 1070 1072 hoc
1118 1007 1261 1072 loco
1308 1008 1598 1094 paullum
1647 1009 1713 1073 in
1759 1008 2013 1073 virilem
2061 1007 2351 1072 habitum
2402 1004 2738 1092 egrediar,
2795 1010 2901 1083 ut,
2954 1005 3007 1068 si
3054 1005 3192 1070 fieri

505 1124 744 1203 potest,
776 1141 991 1204 pauca
1023 1120 1347 1205 quaedam
1378 1121 1592 1185 adhuc
1625 1122 1928 1206 neglecta
1960 1122 2025 1184 in
2059 1122 2274 1186 lucem
2296 1119 2777 1207 protrahantur.
2844 1117 2988 1180 Viri
3020 1118 3191 1181 enim

503 1232 567 1295 in
614 1232 1297 1316 antiquioribus.vasis
1343 1232 1573 1297 eodem
1617 1254 1742 1318 quo
1772 1234 2083 1299 mulieres
2133 1234 2374 1298 amictu
2420 1233 2513 1298 uti

503 1345 737 1425 solent,
785 1365 932 1410 eum
974 1344 1140 1426 dico,
1187 1352 1258 1410 ut
1300 1347 1555 1430 utrique
1590 1344 1860 1410 humero
1894 1367 1932 1410 a
1976 1351 2161 1430 tergo
2197 1345 2514 1409 himation

501 1455 824 1522 iniciatur.
872 1456 968 1520 Ac
1014 1456 1176 1522 duas
1220 1457 1464 1522 formas
1509 1457 1778 1521 himatia
1821 1478 2048 1522 eorum
2082 1457 2354 1521 habent:
2402 1463 2516 1522 aut

501 1568 682 1653 larga
728 1589 1093 1654 magnaque
1140 1575 1312 1650 sunt,
1359 1570 1436 1633 iis
1469 1570 1815 1633 mulierum
1857 1570 2112 1651 similia,
2161 1577 2274 1634 aut
2318 1571 2517 1654 longa

501 1679 760 1765 quidem
793 1687 860 1745 at
884 1687 1166 1766 angusta
1189 1681 1471 1745 amicula
1496 1680 1847 1766 quaedam3
1877 1683 1897 1720 ¹
1928 1682 2186 1746 illorum
2213 1683 2518 1766 exempla
2792 1743 2803 1758 ,

499 1791 668 1856 infra
712 1793 990 1858 collecta
1035 1792 1280 1869 videas,
1328 1792 1493 1858 haee
1539 1794 1796 1857 invenis
1842 1794 1940 1858 M.
1980 1794 2040 1857 cz.
2072 1794 2130 1857 I.
2163 1794 2286 1858 ΙΙΙ.
2323 1800 2369 1857 t.
2405 1796 2514 1867 24;
2567 1790 2760 1886 ÷jj--
2816 1780 2828 1826 ·'
3029 1766 3065 1865 μ’

498 1902 955 1988 Heydemann.
977 1903 1227 1969 Griech.
1245 1902 1435 1969 V.-B.
1455 1912 1499 1968 t.
1517 1908 1628 1971 6.4
1658 1904 1878 1991 (huius
1907 1912 2010 1969 est
2031 1905 2295 1984 Peleus,
2322 1925 2516 1990 quem
2624 1890 2640 1970 ἶ
2728 1890 2740 1902 ”
2780 1888 2788 1902 ”
2848 1898 2856 1915 “’
2965 1886 2981 1902 ff
3021 1876 3053 1926 *fl

495 2016 598 2096 ᾗς.
643 2018 726 2078 10
772 2016 1039 2098 reddit);
1092 2015 1176 2080 A.
1217 2015 1291 2080 Ζ.
1338 2016 1584 2082 XXVI.
1647 2018 1809 2080 1868
1871 2022 1917 2080 t.
1974 2020 2069 2081 10.
2175 2015 2516 2090 Quomodo
2620 2030 2624 2076 !
2776 2103 2779 2106 ῃ

499 2133 721 2192 autem
776 2150 947 2194 nova
1002 2129 1280 2193 amictus
1330 2129 1495 2193 ratio
1550 2129 1893 2214 paullatim
1950 2129 2159 2213 magis
2215 2129 2279 2191 in
2324 2149 2514 2193 usum
2769 2107 2820 2230 χΙ
2885 2158 2889 2178 ι

499 2240 740 2321 veniat,
772 2240 896 2305 hoc
929 2261 1263 2326 exponere
1296 2261 1466 2306 nunc
1500 2239 1921 2327 supersedeo,
1992 2238 2401 2326 Quamquam
2431 2261 2515 2304 ne
2616 2264 2620 2331 2
2676 2315 2695 2322 Γ
2732 2250 2777 2338 ’Ἄ
2808 2242 2816 2262 “”

496 2352 872 2416 recentioris
905 2353 1195 2437 originis,
1241 2353 1449 2418 Ionici
1482 2353 1781 2434 fortasse,
1831 2353 1999 2416 sicut
2037 2352 2335 2417 Ionicum
2381 2351 2514 2415 chi·
2620 2342 2764 2370 ‘'
2808 2330 2816 2358 ι
2856 2346 2865 2382 '¹

496 2468 755 2543 tonem‚
816 2485 961 2529 eam
1028 2464 1305 2544 habeas,
1368 2485 1672 2530 moneam
1730 2463 1859 2528 iam
1918 2464 1984 2527 in
2044 2463 2514 2548 antiquissimis
2632 2474 2640 2538 ξ,
2692 2467 2804 2534 ,51

494 2576 932 2640 monumentis
964 2576 1309 2642 Laconicis
1357 2598 1502 2641 eam
1553 2596 1929 2656 occurrere,
1978 2596 2017 2639 a
2064 2575 2218 2638 viris
2267 2575 2515 2639 scilicet
2648 2570 2652 2578 '

494 2685 851 2752 adhibitam
868 2726 936 2735 —
959 2689 1269 2755 mulieres
1304 2689 1479 2755 enim
1503 2689 1606 2752 hic
1624 2693 1696 2751 ut
1722 2688 1786 2751 in
1807 2686 2048 2751 Atticis
2070 2686 2512 2752 monumentis

494 2799 965 2885 antiquissimis
1012 2822 1051 2864 a
1096 2806 1283 2886 tergo
1330 2801 1638 2866 iniectum
1686 2799 2005 2864 himation
2053 2804 2309 2883 gerunt.
2401 2797 2512 2862 Sic

497 2931 602 2974 res
649 2932 721 2976 se
769 2911 972 2978 habet
1015 2914 1079 2977 in
1126 2913 1305 2977 stelis
1351 2913 1483 2976 illis
1519 2910 1856 2997 Spartanis
1898 2909 2235 2996 (Mittheil.
2264 2910 2371 2974 des
2404 2931 2511 2973 ar-

492 3021 719 3086 chaeol.
763 3023 978 3088 Instit.
1017 3024 1108 3092 ΙΙ.
1158 3026 1320 3088 1877
1368 3030 1413 3089 t.
1465 3027 1544 3087 20
1586 3025 1732 3108 sq.),
1778 3022 1841 3086 in
1891 3022 2094 3086 lorica
2137 3022 2203 3086 in
2251 3021 2511 3108 Alpheo
2865 3069 2876 3081 .
2965 3070 2975 3080 .

493 3140 752 3219 reperta
812 3133 1077 3217 (Bullet.
1123 3137 1199 3200 de
1241 3157 1506 3216 corresp.
1553 3133 1768 3199 hellen.
1817 3133 1975 3200 VII.
2030 3136 2191 3198 1883
2239 3140 2282 3198 t.
2337 3137 2564 3219 1—3),
2628 3138 2693 3201 in
2749 3139 2991 3204 tabulis
3054 3141 3183 3205 illis

491 3247 734 3331 figlinis
768 3246 1205 3314 Corinthiacis
1253 3247 1437 3330 (Coa.
1461 3247 1674 3312 Berol.
1714 3250 1859 3329 347,
1888 3249 2034 3327 348,
2072 3250 2216 3327 368,
2255 3251 2399 3328 370,
2428 3251 2574 3328 476,
2611 3251 2737 3313 479
2761 3250 2900 3314 Fw.
2947 3251 3180 3316 Virum

493 3365 559 3422 et
612 3360 952 3424 mulierem
1011 3360 1414 3447 (Neptunum
1476 3367 1544 3425 et
1587 3359 2083 3446 Amphitritam)
2149 3359 2338 3424 simul
2399 3359 2606 3426 habes
2673 3364 2817 3442 493,
2868 3366 2991 3427 495
3039 3361 3179 3428 Fw.

490 3469 611 3534 Vir
643 3492 901 3557 quoque
953 3493 992 3537 a
1038 3480 1222 3558 tergo
1255 3472 1566 3537 iniectum
1601 3473 1854 3557 corpori
1895 3471 2210 3536 himation
2246 3472 2417 3556 gerit
2448 3476 2572 3536 485
2608 3472 2799 3558 Fw.).
2835 3512 2903 3521 —
2943 3475 3181 3541 Paucis

490 3588 711 3646 autem
758 3582 1221 3666 demonstrem,
1270 3592 1464 3671 quam
1505 3584 1613 3648 diu
1659 3585 1837 3669 prior
1869 3583 1984 3647 illa
2030 3585 2193 3648 ratio
2241 3606 2366 3648 usu
2399 3591 2654 3649 retenta
2701 3586 2804 3653 sit.
2878 3586 3181 3653 Amicula

490 3694 800 3776 enimilla,
842 3717 988 3760 cum
1015 3703 1325 3780 acceptus
1353 3718 1497 3761 esse
1523 3696 1841 3781 inciperet
1865 3695 2348 3761 circumiciendi
2373 3695 2641 3761 himatia
2662 3718 2824 3779 mos,
2853 3699 2995 3783 ipsa
3019 3720 3177 3784 quo-

489 3827 614 3891 que
647 3806 1288 3873 circumiciebantur:
1341 3807 1660 3873 Gerhard.
1694 3806 1776 3870 A.
1817 3806 2007 3872 V.-B.
2054 3814 2100 3871 t.
2141 3810 2237 3887 13,
2277 3812 2372 3887 14,
2407 3810 2513 3885 61,
2549 3810 2690 3889 117,
2732 3811 2870 3874 113.
2907 3813 2964 3890 3,
3018 3813 3171 3879 125ς

490 3917 808 4000 Schoene,
854 3917 1193 3983 Antichita
1237 3919 1338 3983 del
1378 3920 1607 3984 Museo
1650 3918 1892 3984 Bocchi
1936 3919 2006 3982 di
2050 3919 2263 3982 Adria
2311 3926 2355 3984 t.
2410 3921 2507 3983 15.
2597 3919 2744 3984 Hoc
2794 3941 2949 3984 vcro
2994 3942 3176 3985 more

488 4051 643 4096 mox
689 4031 947 4098 abiecto
1010 4053 1234 4098 rursus
1290 4032 1549 4118 utrique
1595 4032 1867 4097 humero
1927 4032 2235 4118 imposita
2291 4053 2369 4096 ea
2413 4031 2752 4117 gerebant.
2850 4029 2982 4096 Sed
3030 4054 3175 4097 cum

668 4290 684 4322 ¹
723 4289 881 4354 Quod
917 4290 1032 4344 iam
1068 4290 1366 4361 Helbigius
1402 4291 1804 4345 animadvertit
1853 4291 1999 4359 (Das
2033 4290 2165 4344 hom.
2207 4290 2355 4357 Epos
2400 4305 2505 4343 aus
2548 4288 2650 4342 den
2686 4288 3051 4344 DenIcmc'ilcrn
3096 4307 3173 4343 er-

485 4374 696 4443 liiutert,
734 4375 963 4447 Leipzig
996 4377 1135 4432 1884
1176 4396 1229 4446 p.
1259 4377 1381 4447 122)
1420 4377 1516 4445 qui
1552 4377 1886 4431 rectissime:
1922 4376 2044 4444 „die
2077 4375 2475 4442 korinthischen,
2513 4374 2894 4429 daalkidisclaen
2928 4376 3048 4429 vend
3075 4378 3173 4430 alt-

485 4460 736 4514 anisam
772 4461 1106 4516 Vasenbilder
1141 4464 1311 4532 zeiyen
1344 4465 1606 4519 einerseits
1628 4466 1779 4518 einen
1812 4464 2031 4529 kurzen,
2066 4463 2324 4516 schnmlcn
2359 4463 2451 4515 cler
2477 4461 2712 4514 Chlaimz
2736 4462 3173 4530 entsyneclwnden

495 4545 814 4622 Ueberwurs,
851 4549 1084 4604 (lambert
1117 4552 1240 4606 aber
1262 4553 1647 4621 umfcmyreiclae
1673 4581 1735 4593 --
1767 4551 2003 4618 Mimtel,
2042 4551 2149 4603 die
2186 4551 2292 4603 ein
2326 4549 2561 4602 Jovzier
2596 4548 2699 4601 cles
2732 4549 3173 4604 homer-ischen

483 4635 836 4690 Zeitalters
898 4639 1079 4712 φᾶρος
1136 4639 1259 4694 oder
1312 4640 1505 4700 δίπλαξ
1558 4641 1793 4693 benannt
1854 4639 2026 4692 haben
2078 4637 2310 4691 u-v‘a'rde“.
2418 4637 2523 4690 Cfr.
2576 4639 2634 4689 et
2687 4639 2802 4689 not.
2839 4638 2873 4688 9
2923 4636 3170 4691 eiusdem

482 4724 742 4794 paginae.

2755 4828 2788 4880 3
