3875 5392
1777 359 2206 431 -20-

1928 705 2052 779 III.

815 855 1104 923 Tabulas
1179 859 1545 921 curatorum
1619 852 1874 918 Dianae
1945 853 2385 936 Brauroniae,
2462 855 2529 919 in
2597 854 2831 940 quibus
2907 857 3333 918 recensentur

643 990 810 1055 quae
853 969 1161 1034 mulieres
1206 968 1372 1033 deae
1412 946 1514 1030 ¹illi
1559 965 2023 1031 dedicaverant
2068 967 2486 1048 vestimenta,
2534 987 2784 1057 summo
2831 965 2915 1035 ad
2958 985 3097 1029 rem
3127 965 3327 1031 vesti-

643 1082 848 1145 ariam
919 1080 1289 1145 Atticorum
1356 1078 1811 1145 illustrandam
1877 1084 2211 1145 momento
2292 1100 2441 1145 esse
2509 1080 2638 1143 iam
2708 1076 3086 1147 Boeckbius
3155 1081 3331 1141 recte

646 1193 1006 1275 intellexit,
1063 1193 1173 1278 qui
1220 1190 1504 1279 lapidem
1560 1189 1628 1256 0.
1665 1192 1721 1255 Ι.
1765 1189 1880 1256 Gr.
1927 1192 1984 1259 Ι.
2034 1196 2153 1256 155
2202 1191 2309 1277 (=
2367 1191 2516 1257 (LI.
2538 1191 2624 1255 A.
2685 1190 2775 1256 ΙΙ.
2825 1192 2988 1279 754)θ
3019 1208 3335 1268 „nmrmor

643 1305 718 1368 in
756 1326 827 1368 re
866 1305 1170 1368 vestiam
1214 1302 1590 1368 classicum“
1635 1311 1844 1369 vocat.
1935 1303 2346 1392 Quamquam
2375 1305 2572 1370 hodie
2604 1304 2867 1369 demum
2912 1302 3105 1368 editis
3138 1323 3334 1388 quam

644 1416 1133 1481 accuratissime
1169 1415 1487 1481 Koehleri
1528 1437 1732 1501 opera
1762 1417 2086 1499 omnibus,
2134 1438 2301 1502 quae
2347 1416 2728 1501 investigari
2774 1420 3094 1503 poterant,
3141 1413 3333 1485 tabu÷

645 1529 853 1593 larum
898 1529 1155 1592 illarum
1200 1527 1586 1613 fragmentis
1628 1528 1695 1592 in
1750 1526 1816 1593 0.
1843 1528 2005 1592 LA.
2039 1527 2124 1595 H.
2177 1532 2294 1592 751
2326 1551 2421 1614 sq.
2470 1529 2609 1593 fieri
2652 1532 2891 1615 potest,
2937 1533 3010 1592 ut
3056 1526 3336 1591 certiora

649 1661 735 1705 ex
767 1639 865 1705 eis
898 1640 1260 1704 eliciantur.
1328 1637 1546 1704 Valde
1579 1638 1904 1704 infirmum
1938 1642 2136 1722 enim,
2170 1639 2386 1720 cred0,
2418 1640 2908 1705 fundamentum
2943 1636 3333 1723 Rhangabis

649 1752 984 1817 titulorum
1029 1750 1408 1838 apographa
1454 1750 1801 1836 (Antiquit.
1848 1751 2091 1817 Hellen.
2137 1752 2228 1816 II.
2274 1774 2340 1839 p.
2372 1755 2497 1817 528
2518 1774 2635 1839 sq.,
2682 1773 2791 1818 no.
2823 1753 2936 1815 861
2970 1748 3095 1835 sq.)
3142 1769 3333 1835 prae·

644 1862 965 1937 buissent.
1487 1926 1493 1931 .

817 1975 1038 2062 Atque
1104 1981 1178 2039 ut
1235 1974 1572 2062 specimen
1631 1980 1943 2061 tanquam
2003 1975 2254 2041 habeas
2307 1976 2502 2063 pretii
2555 1974 2928 2055 titulorum,
2993 1971 3332 2037 ostendam

647 2087 965 2170 breviter,
1025 2087 1180 2173 quid
1236 2088 1317 2152 de
1375 2088 1750 2154 discrimine
1807 2109 2041 2154 vocum
2094 2083 2291 2171 χιτών
2344 2124 2430 2136 -
2483 2083 2782 2171 χιτώνιον
2829 2123 2907 2135 -
2952 2081 3339 2169 χιτωνίσκος

648 2198 949 2282 doceant,
996 2220 1164 2285 quae
1209 2220 1436 2266 omnes
1482 2200 1564 2264 de
1608 2201 1956 2266 mulierum
2003 2200 2370 2266 chitonibus
2417 2200 2484 2265 in
2532 2201 2614 2265 iis
2656 2205 3076 2286 usurpantur.

821 2311 1041 2378 Antea
1106 2332 1260 2381 vero
1325 2333 1660 2394 moneam,
1742 2334 1909 2399 quae
1991 2312 2201 2405 adhuc
2282 2313 2684 2379 innotuerint
2748 2318 2898 2378 acta
2964 2316 3335 2375 curatorum

649 2423 1025 2507 Brauronii,
1082 2445 1165 2490 ea
1217 2425 1389 2490 inter
1440 2424 1696 2489 initium
1751 2425 1959 2512 partis
2015 2425 2283 2490 alterius
2341 2425 2590 2490 saeculi
2649 2424 2862 2511 quarti
2929 2429 2996 2487 et
3060 2428 3338 2488 mortem

648 2536 1013 2603 Alexandri
1041 2535 1269 2623 Magni
1301 2535 1627 2623 lapidibus
1660 2536 1870 2601 incisa
1894 2558 2050 2602 ,esse
2085 2537 2225 2619 (cfr.
2249 2535 2563 2602 Koehler.
2604 2534 2839 2601 (MA.
2871 2533 2957 2602 II.
2992 2538 3052 2599 2.
3081 2556 3147 2621 p.
3169 2537 3193 2596 1
3215 2536 3338 2617 13).

820 2648 965 2713 Iam
1011 2649 1067 2713 si
1112 2644 1597 2736 praetermissis
1645 2647 1723 2716 iis
1770 2648 2000 2728 titulis,
2051 2649 2161 2735 qui
2206 2651 2339 2713 tam
2383 2647 2598 2713 mutili
2647 2654 2833 2729 sunt,
2879 2652 2953 2712 ut
2990 2646 3104 2712 vix
3147 2645 3340 2711 unius

650 2760 1029 2827 vestimenti
1064 2759 1572 2845 descriptionem
1624 2760 1948 2846 integram
1983 2759 2235 2825 habeas
2273 2797 2356 2808 —
2394 2765 2546 2826 sunt
2586 2763 2698 2825 751
2733 2759 2789 2823 Β
2829 2759 2980 2844 frgt.
3004 2779 3055 2827 a.
3080 2757 3157 2839 I.,
3187 2756 3338 2843 frgt.

651 2873 716 2955 b,
742 2894 798 2957 c,
833 2875 955 2938 758
997 2872 1055 2936 Β
1100 2872 1153 2939 Ι.
1203 2871 1495 2960 (repetit.
1534 2875 1657 2936 760
1698 2871 1756 2935 Β
1794 2871 1850 2940 I.
1881 2893 1940 2938 v.
1983 2870 2241 2956 1-16),
2288 2871 2411 2954 ΠΙ,
2446 2876 2570 2937 759
2595 2872 2672 2954 1.,
2708 2874 2830 2936 760
2867 2871 2925 2935 Β
2952 2870 3007 2937 I.
3033 2891 3092 2934 ν.
3129 2873 3203 2933 17
3223 2891 3340 2955 sq.‚

657 2989 773 3051 761
826 2985 904 3067 Β,
954 2987 1099 3068 762,
1145 3023 1229 3034 -
1275 3005 1390 3049 eos
1438 2989 1690 3049 tantum
1736 2984 1804 3048 in
1851 3005 2118 3050 censum
2163 3005 2394 3067 vocas,
2443 2984 2557 3071 qui
2600 2983 2835 3050 melius
2881 2982 3122 3047 servati
3167 2986 3340 3061 sunt,

654 3118 890 3183 nempe
925 3100 1048 3162 754
1082 3094 1297 3182 (cuius
1329 3102 1584 3182 partem
1615 3102 1924 3183 repetunt
1953 3100 2070 3160 751
2107 3096 2165 3160 Β
2196 3096 2349 3181 frgt.
2384 3118 2425 3161 a
2453 3096 2566 3178 II.,
2594 3099 2739 3179 755,
2775 3096 2919 3178 756,
2955 3097 3078 3159 760
3110 3093 3166 3157 Β
3199 3090 3341 3178 IL),

658 3212 804 3292 757,
852 3209 974 3274 758
1018 3208 1076 3272 Β
1125 3208 1214 3275 11.
1271 3208 1451 3295 (coll.
1496 3211 1624 3273 759
1669 3206 1820 3293 ΙΙ.),
1889 3210 2034 3290 763,
2095 3210 2254 3290 764,
2313 3208 2616 3274 invenies
2669 3202 3055 3290 χιτωνίσκος
3111 3225 3341 3271 vocem

655 3322 878 3388 tricies
941 3342 1315 3405 occurrere,
1372 3314 1569 3402 χιτών
1625 3318 1978 3401 terdecies,
2052 3316 2352 3402 χιτώνιον
2406 3319 2652 3385 decies.
2747 3318 2941 3387 Nunc
2999 3339 3156 3384 vero
3211 3318 3340 3382 iam

657 3454 698 3497 a
760 3434 959 3521 priori
1042 3433 1437 3514 conieceris,
1531 3431 1599 3495 in
1666 3451 1944 3497 recensu
2028 3437 2125 3496 tot
2208 3437 2471 3517 tamque
2552 3431 2954 3497 diversarum
3042 3430 3343 3510 vestium,

658 3545 954 3610 instituto
1009 3566 1090 3611 eo
1151 3544 1412 3631 quidem
1477 3564 1518 3608 a
1575 3545 1959 3630 magistratu
2024 3544 2247 3610 Attico
2315 3544 2648 3631 lapidique
2706 3544 2911 3609 inciso
2987 3548 3123 3608 tres
3195 3542 3342 3608 illas

657 3679 857 3724 voces
901 3678 1033 3722 non
1077 3658 1446 3744 promiscue
1492 3657 1574 3721 de
1620 3678 1751 3722 una
1794 3656 2153 3742 eademque
2201 3656 2477 3722 chitonis
2524 3656 2733 3724 forma
2776 3646 3341 3740 usurpatas'esse.

661 3768 848 3843 Quod
914 3769 1330 3835 confirmatur
1393 3767 1763 3851 adiectivis,
1834 3769 2071 3854 quibus
2140 3775 2475 3836 curatores
2540 3769 2836 3854 singulas
2908 3766 3342 3853 descripsere.

660 3880 831 3946 Nam
899 3901 1046 3946 cum
1110 3874 1307 3962 χιτών
1328 3881 1350 3921 ¹
1411 3886 1491 3948 et,
1534 3874 1874 3962 χιτώνιον2
1925 3885 2182 3947 tantum
2251 3902 2381 3945 non
2454 3900 2714 3967 semper
2780 3899 3001 3945 secum
3062 3876 3347 3943 habeant

839 4106 857 4137 ²
893 4101 1066 4173 χιτών
1120 4098 1421 4176 α’μόργινος
1471 4103 1740 4159 occurrit:
1798 4104 1901 4161 754
1951 4121 2003 4160 v.
2041 4105 2125 4169 10,
2168 4121 2221 4159 v.
2254 4105 2351 4169 223
2409 4103 2512 4159 758
2555 4103 2600 4158 Β
2652 4103 2724 4163 11.
2770 4119 2821 4158 v,
2861 4102 2943 4166 19,
2988 4117 3042 4155 v.
3077 4100 3147 4153 36
3180 4096 3348 4166 (λιτδς

664 4186 985 4263 ἄμόργινος)
1024 4206 1075 4244 v.
1099 4189 1192 4253 41;
1230 4190 1332 4245 763
1357 4207 1408 4245 v.
1431 4190 1534 4259 213,
1558 4191 1646 4259 718
1681 4185 2007 4265 (ἄμόργινος
2038 4190 2501 4265 μεσοαλουργής);
2535 4190 2639 4245 764
2671 4208 2722 4245 v.
2747 4189 2784 4244 4
2807 4211 2872 4235 =
2898 4186 3141 4249 oct-iem
3174 4184 3348 4255 χιτών

663 4276 962 4336 credamne
995 4276 1263 4331 occurrit:
1306 4276 1410 4333 758
1434 4277 1479 4331 B
1504 4276 1574 4331 Π.
1610 4294 1661 4332 v.
1686 4277 1737 4343 9,
1773 4294 1825 4332 v.
1852 4278 1934 4344 10,
1972 4297 2024 4333 v.
2051 4280 2146 4348 153
2194 4279 2312 4333 763.
2351 4296 2401 4333 v.
2426 4279 2507 4332 15.
2545 4294 2597 4333 v.
2623 4278 2690 4331 16
2714 4298 2781 4323 =
2808 4272 3198 4344 quinquies.
3253 4270 3347 4325 Bis

664 4363 724 4416 in
760 4361 947 4416 titulis
993 4362 1078 4416 illi
1112 4362 1391 4418 mutilatis
1435 4362 1748 4419 invenitur:
1798 4364 1900 4418 762
1931 4365 2003 4419 II.
2040 4382 2090 4420 v.
2113 4366 2147 4419 9
2180 4365 2412 4435 χ]ιτιῖ’να
2454 4359 2812 4435 ἆμόργ[ινον,·
2857 4363 2916 4415 et
2949 4377 3003 4415 v.
3024 4361 3087 4414 11
3125 4374 3349 4428 quoque

665 4449 785 4503 sine
819 4448 992 4504 dubio
1026 4449 1400 4521 supplendum
1434 4451 1645 4520 χιτῶνα
1682 4445 2029 4521 ἆψόργινον.

841 4574 863 4605 ²
900 4570 1021 4636 Quo
1056 4571 1277 4627 facilius
1302 4588 1604 4642 cognoscas
1628 4571 1927 4637 adiectim,
1964 4589 2110 4641 quae
2132 4572 2394 4643 χιτώνιον
2431 4569 2553 4626 voci
2577 4569 2877 4636 adduntur,
2912 4567 3163 4637 singulos
3198 4566 3347 4620 locos

667 4655 998 4712 exscribam:

975 4744 1236 4813 χιτώνων
1273 4739 1580 4817 ιῗμόργινον
1615 4743 1824 4800 ἁπλοῦν
1898 4783 2258 4798 .....
2330 4742 2434 4797 754
2468 4760 2520 4797 v·
2555 4743 2640 4807 51,
2683 4742 2784 4797 763
2821 4741 2862 4796 Ι.
2898 4757 2952 4796 v.
2990 4742 3071 4795 18.

1621 4833 1912 4901 ἰσοπτυχές
1987 4868 2346 4885 .....
2465 4846 2514 4885 v.
2551 4830 2637 4895 63,
2673 4845 2725 4884 V.
2759 4831 2841 4885 65.
