3875 5392
1596 421 2073 510 ‚-2o--

681 606 853 673 Mire
910 613 1221 694 quantum
1280 609 1484 674 inter·
1517 614 1868 675 externam
1917 608 2114 677 huius
2156 613 2246 672 ‘et
2286 608 2512 675 Dorici
2541 611 3189 698 'chitoniswsp‘soiem

504 718 943 802 intercedere,
999 720 1105 786 vel
1150 719 1331 806 lippo
1377 727 1673 807 apparet.
1762 720 2056 786 Maxime
2116 721 2376 786 diversa
2420 727 2664 789 autem'
2689 724 2888 788 etiam
2934 723 3188 790 indoles

502 830 863 916 utriusque.
966 830 1162 906 Quidr
1188 832 1361 901 enim
1427 833 1634 900 sinus
1671 832 1790 899 ille
1847 832 2026 901 aliud
2086 833 2431 919 significat
2463 834 2592 919 nisi
2644 835 3189 901 chitonem'iusta

500 956 810 1012 mensura
840 948 1205 1032 longiorem
1236 953 1435 1017 esse?
1504 946 1603 1013 Ae
1650 948 1863 1033 plane.
1886 946 2088 1012 'idem
2113 948 2335 1013 ub'eris
2366 947 2702 1012 cuiusdam
2740 947 3188 1034 amplitudinis

502 1057 789 1124 studium
850 1058 1173 1131 manicae,
1200 1059 1495 1145 ‘produnt
1546 1060 1797 1147 longae*
1832 1060 2245 1145 amplaeque.
2336 1058 2424 1123 Et
2479 1059 2688 1146 ipsam
2720 1060 2905 1152 „hanc
2952 1061 3186 1146 ampli-

500 1169 793 1235 tudinem
819 1192 947 1235 non
978 1172 1184 1257 semel
1200 1170 1500 1261 'indicare
1530 1172 1755 1236 conati
1776 1177 1925 1237 sunt
1950 1172 2255 1257 pictores,
2290 1176 2365 1238 ut
2389 1150 2456 1235 in
2478 1191 2637 1236 vase
2668 1171 2840 1258 apud
2869 1171 3187 1236 Gerhard.

499 1283 583 1347 A.
622 1281 812 1349 V.-B.
858 1288 905 1347 t.
951 1285 1056 1365 31,
1103 1286 1215 1376 32,
1272 1283 1462 1369 quod.
1503 1284 1711 1353 multo
1741 1284 2030 1369 saepius
2090 1290 2266 1348 certe
2321 1282 2666 1367 fecissent,
2724 1285 2847 1348 nisi
2895 1283 3187 1369 impediti

499 1391 783 1458 fuissent
838 1394 1001 1461 artis
1076 1393 1552 1467 consuetudine
1614 1400 1680 1458 et
1747 1394 2064 1479 imprimis
2134 1416 2486 1479 „rugarum
2533 1400 2601 1461 et
2647 1395 2907 1460 sinuum
2961 1397 3183 1483 expri-

500 1504 923 1573 mendorum;“
946 1506 971 1549 ¹
1014 1504 1365 1591 imperitia.
1438 1505 1746 1573 Doricum
1795 1512 2021 1570 contra
2066 1506 2390 1572 chitonem
2435 1507 2679 1592 ubique
2726 1514 2902 1573 arcte
2950 1528 3184 1593 corpus

500 1616 1014 1683 circumdantem
1081 1617 1451 1683 invenimus
1490 1630 1763 1704 tneque·
1804 1620 1943 1683 ulla
2007 1620 2074 1683 in
2148 1626 2336 1707 parte
2412 1628 2527 1686 aut
2592 1620 3004 1705 longitudine
3072 1628 3185 1687 aut

498 1728 927 1815 amplitudine
974 1729 1491 1795 -luxuriantenk
1534 1729 1803 1803 *Videsis
1864 1731 2187 1812 manicas,
2243 1730 2482 1796 videsis
2530 1738 2967 1818 apoptygma,
3013 1733 3183 1818 quod

495 1862 829 1927 nunquam
875 1841 1208 1926 cingulum
1255 1840 1755 1927 transgreditur,
1798 1863 1950 1907 cum
1996 1843 2062 1907 in
2108 1844 2472 1930 posteriore
2518 1850 2738 1910 aetate
2770 1866 2927 1909 mox
2971 1847 3181 1931 magis

493 1954 837 2040 magisque
896 1958 1203 2025 crescat·
1266 1953 1589 2039 'Denique
1654 1953 1861 2025 addas
1928 1955 2272 2021 materiem
2346 1977 2606 2043 quoque
2661 1958 2838 2022 illius
2904 1957 3182 2023 chitonis

501 2086 738 2133 novam
784 2065 989 2138 fuisse
1036 2078 1247 2151 neque
1305 2065 1518 2130 adhuc
1572 2067 1640 2129 in
1685 2066 2095 2132 vestimentis
2142 2067 2503 2134 adhibitam
2550 2105 2632 2116 -
2679 2069 2852 2154 quod
2897 2070 3001 2134 hic
3046 2070 3180 2134 illic

497 2178 900 2264 expressisse
960 2178 1246 2249 artifices
1286 2178 1473 2245 -infra
1516 2177 1884 2251 videbimus
1949 2177 2096 2265 (cfr.
2144 2178 2425 2246 Excurs.
2471 2178 2536 2268 Ι)
2581 2219 2685 2262 —,
2747 2187 2820 2244 ut
2863 2180 2983 2245 tibi
3029 2202 3178 2268 per-

493 2289 796 2372 suadeas,
845 2295 1250 2376 quantopere
1282 2310 1323 2355 a
1353 2289 1597 2355 Dorico
1630 2289 1926 2361 diversus
1956 2290 2177 2357 fuerit.
2246 2290 2434 2366 Quod
2467 2291 2750 2379 denique
2783 2292 2866 2357 ad
2900 2292 3177 2358 chrono-

490 2402 740 2487 logicas
799 2401 1121 2484 rationes,
1192 2422 1354 2486 quas
1415 2408 1637 2468 tamen
1698 2402 1763 2466 in
1822 2402 1954 2467 hac
2012 2402 2464 2489 disquisitione
2523 2426 2656 2469 non
2711 2405 2902 2469 nimis
2959 2406 3178 2470 valere

491 2516 739 2595 illucet,
787 2514 949 2579 satis
981 2494 1198 2579 habeo
1230 2514 1396 2578 haec
1444 2515 1778 2594 statuisse,
1804 2514 2001 2599 ⁴quod
2048 2536 2194 2579 cum
2243 2537 2329 2581 ex
2359 2516 2662 2583 Muelleri
2696 2518 3178 2604 computatione

489 2624 800 2712 (Aeyinet.
841 2648 900 2712 p.
930 2624 1040 2711 72)
1088 2624 1423 2711 expeditio
1470 2625 1584 2689 illa
1628 2624 2022 2710 Aeginetica
2067 2626 2241 2690 circa
2285 2626 2391 2691 Ol.
2440 2629 2522 2692 60
2568 2627 2743 2692 facta
2790 2629 2906 2710 sit,
2969 2629 3175 2693 Ionici

488 2739 782 2804 chitones
829 2739 1042 2825 'primi
1116 2743 1434 2824 apparent
1504 2738 1571 2802 in
1632 2738 1819 2803 ¹vasis
1890 2738 2208 2803 archaicis
2280 2739 2697 2804 liberioribus
2759 2740 2823 2806 h.
2871 2762 2928 2807 e.
2987 2746 3174 2815 sexto

487 2872 546 2916 a.
581 2850 654 2915 O.
687 2872 750 2915 n.
799 2851 1061 2917 saeculo
1107 2856 1415 2916 exeuntes
1504 2849 1596 2915 Ut
1641 2856 1769 2916 stet
1816 2856 1882 2915 et
1924 2850 2010 2915 ab
2056 2851 2181 2915 hac
2226 2856 2413 2936 parte
2459 2847 2787 2917 sententia
2831 2850 3076 2918 nostra.

657 2990 799 3054 Iam
845 2981 1136 3074 ἀπορίαν
1180 2988 1505 3074 quandam
1553 2988 1831 3071 solvam,
1870 2976 2226 3075 ‘quae‘iam
2274 2982 2383 3055 diu
2408 2983 2826 3057 'fortassefte
2873 2985 3178 3055 taxavit:

487 3124 701 3168 nonne
747 3101 1129 3167 Herodotus
1184 3100 1421 3166 fibulas
1466 3100 1852 3165 Doricorum
1909 3100 2243 3166 chitonum
2289 3103 2585 3195 proprias
2638 3103 2841 3168 fuisse
2887 3100 3180 3169 scribit?

486 3215 624 3280 Nos
657 3235 813 3280 vero
859 3214 967 3298 qui
998 3219 1151 3280 ante
1183 3212 1447 3277 Ionicos
1480 3218 1809 3278 assumtos
1842 3213 2124 3278 Doricos
2155 3215 2514 3279 manicatos
2557 3216 2642 3280 ab
2672 3214 2911 3280 Atticis
2945 3222 3173 3300 gestos

487 3328 814 3392 diximus?
900 3320 1124 3405 Λύσις
1184 3327 1251 3390 in
1312 3325 1661 3412 propatulo
1719 3330 1839 3390 est.-
1906 3324 2271 3391 ·Nimirum
2299 3367 2304 3371 «
2333 3326 2412 3390 is·
2443 3328 2557 3412 qui
2605 3327 3173 3412 -primusxlonicos

489 3440 787 3505 chitones
832 3445 1142 3526 acceptos
1199 3444 1272 3503 et
1322 3443 1510 3502 atrox
1574 3431 1921 3523 mulierum
1980 3442 2131 3523 post
2174 3435 2634 3523 Aegineticam
2682 3438 3176 3531 expeditionem·

486 3551 761 3633 facinus,
796 3588 878 3598 -
912 3572 1081 3636 quae
1125 3550 1407 3616 fortasse
1453 3538 1750 3636 tempore
1796 3571 1927 3615 non
1973 3550 2252 3614 multum
2297 3542 2633 3635 distabant
2664 3589 2746 3614 -—-
2779 3544 3174 3638 aetiologice

483 3663 715 3744 iunxit,
762 3663 820 3727 is
865 3663 1226 3728 manicatos
1257 3661 1537 3728 Doricos
1579 3666 1694 3725 aut
1724 3662 1899 3726 mala
1927 3661 2056 3727 fide
2101 3683 2232 3727 non
2276 3663 2344 3726 in
2393 3684 2660 3728 censum
2693 3664 2986 3746 vocavit,
3021 3686 3167 3729 cnm

487 3776 700 3840 fibulis
749 3776 982 3840 confixi
1039 3780 1293 3841 tantum
1341 3775 1768 3840 convenirent
1812 3775 2372 3855 narratiunculae,
2434 3796 2626 3861 quam
2676 3778 3168 3862 excogitaturus

484 3894 649 3970 erat,
696 3893 812 3953 aut
844 3882 1105 3975 omnino
1140 3909 1266 3952 non
1301 3888 1502 3969 novit,
1550 3908 1696 3951 cnm
1729 3886 2010 3953 fortasse
2056 3887 2432 3974 principalis
2477 3894 2730 3976 tantum
2763 3888 2830 3953 et
2860 3889 3171 3977 primaria

485 4000 716 4082 forma,
765 4020 932 4086 quae
980 4005 1080 4065 est
1125 4000 1413 4081 fibulata,
1460 3999 1854 4064 oblivionem
1901 3996 2300 4084 effugisset.²

589 4227 593 4231 ’
662 4240 677 4271 ¹
717 4236 841 4292 Huc
864 4236 1098 4303 accedit,
1136 4236 1286 4305 quod
1310 4235 1531 4319 Ionicus
1565 4235 1738 4303 huius=
1757 4235 1966 4323 aetatis
1990 4235 2226 4290 vestitus
2252 4232 2749 4320 omni'noqnondum
2777 4241 2941 4294 tanta
2967 4240 3169 4310 ampli·

483 4322 681 4378 tudine
716 4322 956 4392 excellit,
993 4325 1211 4392 quanta
1245 4322 1293 4376 is
1330 4322 1666 4392 posterioris.
1738 4322 1844 4377 cfr.
1882 4322 2062 4393 partis
2098 4322 2345 4411 alterius-
2366 4326 2641 4413 caputhI.
2681 4329 2820 4383 extr.
2859 4342 2888 4391 J
2933 4386 2938 4391 ,

657 4449 680 4480 ²
717 4444 890 4514 Spero
926 4443 1069 4508 fore,
1117 4446 1184 4498 nt
1226 4461 1341 4499 non
1375 4444 1488 4499 iam
1526 4444 1627 4498 sub
1664 4443 1864 4499 Dorico
1908 4443 2134 4499 chitone
2184 4444 2542 4515 intelligatur
2561 4428 2566 4434 ⁵
2583 4446 2788 4517 diplo‘is
2837 4447 2954 4512 illa,
2998 4464 3165 4516 quam

484 4530 688 4586 Briseis
728 4548 772 4586 e.
798 4549 881 4601 gra
907 4530 1058 4600 gerit
1093 4530 1383 4599 (Gerhard.
1420 4532 1490 4585 A.
1526 4531 1683 4607 V.-B.
1710 4533 1751 4585 t.
1778 4531 1902 4599 184)
1939 4533 1998 4585 et
2021 4530 2672 4587 Minervae-statuaead
2697 4533 2984 4606 Πάρθενον
3017 4550 3166 4589 rece-

481 4618 705 4682 dentes,
741 4619 844 4672 aut
876 4619 1050 4687 χιτών
1084 4617 1328 4688 σχιστὸς,
1367 4634 1531 4687 quem
1568 4634 1615 4672 e.
1651 4635 1735 4688 gr.
1770 4618 1830 4672 in
1876 4616 2235 4687 sarcophagis
2271 4618 2558 4673 Romanae
2589 4619 2799 4674 aetatis
2845 4622 2963 4674 tam
2998 4637 3168 4690 saepe

478 4704 713 4761 invenis.
783 4705 932 4758 Nam
983 4704 1265 4774 diplo'idas
1316 4705 1406 4759 vel
1459 4707 1608 4759 certe
1655 4704 2052 4760 vestimentum
2101 4704 2415 4774 diplo’idum
2471 4706 2654 4760 simile
2708 4725 2810 4779 pro
2859 4708 3085 4765 chitonc
3130 4725 3168 4762 a

480 4791 794 4862 virginibus
831 4793 1057 4846 tantum
1082 4792 1534 4847 Lacedaemoniis
1559 4795 1747 4862 gestas
1785 4809 1917 4859 esse,
1956 4792 2102 4845 infra
2135 4791 2473 4857 videbimus;
2510 4812 2545 4847 a
2579 4794 2908 4849 mulieribus
2942 4810 3166 4864 quoque

482 4909 547 4919 —
584 4881 642 4933 et
667 4878 873 4933 Atticis
909 4877 1135 4947 quidem
1164 4911 1226 4919 -
1251 4881 1502 4948 gestatas
1539 4895 1655 4933 esse
1681 4879 1880 4934 unicus
1902 4879 2073 4933 Duris
2098 4878 2356 4948 perhibet
2381 4880 2438 4947 (l.
2465 4883 2527 4948 s.)
2562 4883 2663 4934 aut
2687 4883 2836 4935 certe
2873 4882 3166 4951 perhibere
