3875 5392
1482 1572 1799 1695 PARS
1843 1572 2292 1715 ,Ριιιοιι

1863 1802 1929 1918 ι.
2038 1799 2041 1802 ’

642 2007 1231 2102 Athenienses
1249 2010 1620 2123 duplicasse
1668 2037 2013 2103 mulierum
2060 2038 2450 2143 praesertim
2496 2026 2774 2103 himatia
2811 2044 2877 2103 et
2918 2037 3240 2144 chitones,

554 2154 622 2213 et
658 2170 836 2234 quae
881 2148 1082 2214 fuerit
1125 2148 1583 2235 duplicationis
1629 2149 1819 2230 ratio,
1869 2155 1973 2214 sat
2003 2134 2245 2219 notum
2293 2157 2414 2215 est.
2505 2136 2756 2250 Neque
2784 2150 2911 2216 hoc
2950 2169 3239 2234 unquam

555 2250 856 2362 cuiquam
903 2260 1172 2333 dubium
1228 2266 1399 2342 erat,
1462 2261 1615 2346 quin
1681 2260 1764 2330 ad
1811 2248 2145 2347 duplicata
2205 2261 2369 2327 haec
2416 2264 2809 2327 vestimenta
2843 2242 3238 2365 referendae

556 2379 778 2453 essent
848 2393 1061 2439 voces
1072 2368 1413 2453 διπλοΐς,
1489 2355 1894 2454 διπλοίδιον,
1966 2360 2485 2461 ἡμιδιπλοίδιον.
2601 2373 2948 2453 Quodnam
3017 2379 3239 2438 autem

555 2473 855 2570 singulae
911 2444 1376 2593 vestimentum
1434 2470 1836 2570 significent,
1900 2483 1981 2548 de
2038 2483 2162 2587 hac
2208 2505 2279 2549 re
2339 2485 2443 2549 vel
2496 2485 2691 2550 hodie
2749 2485 3120 2591 aliquanta
3116 2491 3241 2551 est

554 2588 904 2661 dissensio.
2423 2607 2430 2610 ’

728 2705 1135 2794 Quamquam
1181 2707 1419 2773 docent
1465 2707 1951 2791 consentientes
2005 2707 2176 2771 inter
2230 2728 2302 2773 se
2344 2709 2778 2794 grammatici
2820 2696 3082 2774 veteres
3138 2694 3241 2774 δι-

556 2816 840 2898 πλοΐδας
897 2841 1045 2885 esse
1105 2819 1382 2884 himatia
1388 2819 1739 2925 duplicia
1748 2823 1836 2889 ut
1890 2810 2270 2898 ἁπλοΐδαςι
2335 2819 2677 2917 simplicia.
2727 2819 2855 2899 Et
2915 2821 3057 2906 quis
3114 2828 3237 2899 est,

557 2933 713 3019 quin
760 2931 1014 2997 noverit
1057 2926 1328 3014 χλαίνας
1346 2914 1693 3033 ἁπλοΐδας
1722 2931 1996 2998 Homeri
2043 2929 2139 3016 (Ω
2168 2950 2228 2994 ιτ.
2253 2934 2422 3012 23οζ
2447 2955 2520 2996 ω
2530 2953 2592 2996 ιν.
2621 2930 2796 3017 276),
2845 2933 2954 3017 qui
2987 2934 3243 3019 ignoret

560 3044 950 3130 Cynicorum
1002 3037 1492 3127 διπλοειματων
1538 3042 1867 3147 duplicem
1912 3042 2258 3137 tribonem‚
2307 3043 2414 3128 qui
2435 3020 2717 3123 Anthol.
2747 3043 2960 3110 Palat.
2979 3044 3131 3109 VH.
3159 3048 3241 3109 65

558 3179 618 3222 v.
643 3158 681 3221 3
714 3153 982 3235 διπλοΐς
1012 3162 1325 3222 vocatur?
1392 3140 1732 3240 Nusquam
1767 3174 1926 3236 sane
1959 3154 2305 3238 expressis
2341 3134 2621 3217 traditur
2664 3154 2861 3233 etiam
2893 3156 3242 3221 mulierum

557 3268 828 3334 himatia
872 3267 1227 3353 duplicata
1248 3266 1364 3351 illa
1393 3286 1556 3330 voce
1602 3245 1950 3367 designata
1995 3284 2159 3344 esse,
2210 3263 2366 3350 quin
2397 3263 2642 3347 Pollux
2673 3262 2914 3351 (onom.
2939 3266 3094 3332 VII.
3128 3267 3240 3354 47)

794 3410 966 3417 -.fl-..n

559 3535 570 3543 .
606 3540 610 3545 ,
736 3493 765 3524 ¹
790 3490 871 3544 De
911 3488 1101 3547 ἄπλοΐς
1133 3487 1387 3543 conferas
1426 3488 1565 3543 Poll.
1591 3476 1772 3542 οιιοιιι.
1799 3486 1920 3540 VH.
1948 3487 2031 3541 47.
2092 3486 2296 3555 Etyma
2293 3452 2503 3566 Magn.
2539 3506 2598 3557 p.
2624 3488 2739 3543 123.
2767 3488 2865 3554 14..
2902 3488 2973 3545 de
3009 3489 3246 3563 διπλοῖζε

556 3578 737 3645 Etym.
765 3564 952 3646 Magn.
962 3590 1037 3645 p.
1063 3568 1183 3630 278.
1211 3574 1295 3638 48,
1333 3574 1570 3642 Hesych.
1597 3588 1638 3628 s.
1663 3592 1734 3638 v.‚
1773 3562 1979 3628 Anecd.
2006 3572 2179 3627 Bekk.
2205 3573 2246 3626 I.
2284 3592 2338 3643 p.
2363 3562 2482 3629 425.
2510 3573 2593 3637 11,
2635 3564 2788 3628 Suid.
2816 3592 2858 3629 s.
2882 3594 2932 3629 v.
2984 3554 3243 3649 Ceterum

556 3662 790 3727 Atticos,
816 3661 1199 3732 ιι1;,ημιδιπλο
1214 3660 1397 3714 ιδιον
1418 3678 1511 3716 eos
1535 3660 1755 3725 dixisse,
1780 3659 2173 3730 Aristophanis
2192 3676 2380 3714 versus
2400 3659 2602 3730 probat
2629 3662 2701 3731 (v.
2722 3674 2777 3731 p.
2795 3660 2909 3730 2),,
2914 3643 3244 3728 ,διπλοῖδα“

558 3765 624 3803 ex
659 3748 925 3817 Hesychii
960 3751 1099 3803 nota
1135 3747 1424 3814 ,,δ“ιπλοῖδ“α
1461 3746 1561 3817 (sic
1597 3747 1838 3802 correxit
1860 3746 2174 3815 Piersonus,
2212 3746 2484 3816 scriptum
2521 3748 2606 3801 est
2644 3746 2915 3812 διπλόϊδα)
2937 3746 3240 3815 ΐδιπλοΐδᾳ“

557 3835 854 3890 Piersonus
890 3833 1060 3889 evicit
1096 3833 1321 3902 (Moeris
1354 3832 1527 3888 Attic.
1566 3850 1619 3902 p.
1645 3832 1768 3887 275.
1791 3832 1934 3901 276),
1971 3863 2039 3872 —
2076 3832 2225 3887 unde
2262 3836 2320 3887 et
2355 3831 2415 3886 in
2449 3831 2646 3888 Polluc
2680 3833 2801 3887 VII.
2837 3834 2906 3889 49
2943 3833 3245 3888 διπλοίδιον

556 3921 843 3976 Bekkerus
880 3921 1061 3976 edidit
1082 3950 1166 3986 —,
1203 3920 1291 3991 sicr
1310 3920 1544 3995 omnino
1572 3936 1621 3990 a
1649 3935 1785 3973 voce
1822 3918 2032 3987 διπλοῖς
2068 3922 2127 3974 et
2162 3919 2351 3979 ἁπλοῖς
2386 3919 2456 3987 ob
2492 3919 2770 3990 'diaeresin
2806 3920 3175 3986 abhorruisse,
3212 3937 3243 3975 e

555 4008 859 4063 lexicorum
884 4007 1033 4062 notis
1059 4007 1202 4061 effici
1226 4010 1381 4077 puto.
1437 4004 1647 4078 Audias
1673 4004 1969 4060 Pollucem·
1986 4003 2106 4059 VH.
2133 4005 2217 4059 47.
2256 4003 2366 4069 εἰσὶ,
2396 4004 2456 4057 δὲ
2483 4005 2709 4074 χλαῖναι
2745 4008 2805 4060 αἱ
2826 4008 2935 4077 μὲν
2973 4006 3239 4073 ἁπλοΐδες,

558 4095 629 4153 ὦς
660 4092 888 4165 ’Όμηρος
934 4093 1193 4148 »δώδεκα
1239 4090 1294 4145 δ’
1335 4092 1651 4159 duxeram«,
1696 4093 1756 4145 αἱ
1791 4091 1852 4144 δὲ
1895 4091 2092 4144 διπλαῖ
2094 4096 2113 4158 ,“
2155 4090 2389 4160 »διπλῆν
2424 4091 2716 4160 ἐκταδίην<<
2765 4093 3012 4153 ταύτας
3060 4093 3131 4146 δὲ
3177 4094 3241 4146 οἱ

552 4177 837 4234 Ἀττικοὶ
887 4179 1268 4249 ἁπληγίδας
1319 4178 1410 4232 καὶ
1465 4178 1875 4248 διπληγίδας
1928 4175 2034 4230 καὶ
2084 4176 2391 4246 διβόλους
2450 4173 2811 4249 (ὀνόμαζον.
2901 4178 3242 4246 Quibuscum

559 4265 808 4321 conferas
832 4266 1013 4335 Etym.
1041 4266 1229 4337 Magn.
1257 4283 1312 4335 p.
1336 4265 1452 4320 123.
1481 4266 1548 4319 14
1586 4263 1817 4334 ἁπληγὶς
1854 4263 1917 4317 τό
1957 4263 2165 4316 ἁπλοῦν
2189 4262 2427 4333 ἱμάτιον,
2465 4260 2627 4337 ὅπερ
2649 4261 2921 4335 ’Όμηρος
2958 4265 3242 4332 ἆπλοΐδςι

556 4352 764 4406 καλεῖ.
834 4353 1115 4423 Σοφοκλῆς
1149 4351 1372 4425 »τρύχει
1408 4346 1721 4422 nalum-‘reis'
1745 4350 2073 4419 Θεσσαλικῆς
2107 4348 2458 4418 ἄπληγίδομι.
2521 4350 2725 4410 Moeris
2761 4368 2863 4411 nec
2898 4352 3106 4411 διπλοῖς
3141 4368 3245 4406 nec

559 4437 809 4507 διπληγίς
832 4438 1019 4507 habet,
1056 4457 1096 4498 s.
1122 4457 1174 4493 ιν.
1202 4438 1433 4508 ἁπληγίς
1468 4440 1659 4493 autem
1695 4439 1773 4507 (p.
1798 4438 1864 4492 87
1892 4436 1977 4493 ed.
2006 4435 2273 4503 Pierson.)
2311 4429 2452 4491 dicit
2489 4436 2719 4506 ἄπληγὶς
2754 4433 2996 4504 ᾆττικῶς,
3035 4438 3244 4492 ἁπλοῦν

559 4523 783 4594 ἱμάτιον
828 4511 1116 4592 {niqui-2655
1163 4525 1320 4580 nulla
1350 4514 1575 4585 ''domors
1614 4521 1781 4579 ‘vocis
1829 4510 2117 4577 mentione
2163 4516 2332 4577 facta.
2372 4514 2386 4525 ’
2420 4518 2564 4577 Dein
2610 4518 2671 4576 in
2720 4514 2929 4580 Anecd.
2976 4524 3151 4579 Bekk.
3196 4523 3240 4578 I.

556 4627 610 4679 p.
634 4611 756 4665 425.
780 4611 853 4665 20
875 4613 945 4665 et
980 4611 1131 4681 apud
1168 4611 1399 4670 Suidam
1434 4630 1476 4667 s.
1512 4628 1566 4667 v.
1602 4613 1667 4669 ut
1704 4606 1937 4678 ἁπληγίς
1979 4608 2102 4663 loco
2139 4607 2392 4679 Anagyri
2429 4607 2874 4679 Aristophaneae
2907 4610 3241 4674 illustratur,

554 4699 641 4755 ita
674 4696 763 4757 ad,
786 4697 994 4757 διπλοΐς
1027 4714 1219 4753 vocem
1253 4698 1375 4755 illic
1409 4697 1582 4771 nihil,
1629 4696 1723 4752 hic
1757 4695 2041 4765 Agathiae
2086 4693 2434 4765 epigramma
2469 4694 2751 4765 quoddam
2788 4695 3088 4766 adlegatur
3123 4697 3241 4765 (cfr.

559 4783 746 4839 Lehrs.
787 4783 999 4840 Pathoz.
1036 4786 1091 4840 II
1126 4805 1181 4856 p.
1206 4786 1310 4854 19).
1804 4826 1837 4845 ..
