<?xml version="1.0" encoding="UTF-8"?>
<!DOCTYPE html PUBLIC "-//W3C//DTD XHTML 1.0 Transitional//EN"
    "http://www.w3.org/TR/xhtml1/DTD/xhtml1-transitional.dtd">
<html xmlns="http://www.w3.org/1999/xhtml" xml:lang="en" lang="en">
 <head>
  <title>
</title>
<meta http-equiv="Content-Type" content="text/html;charset=utf-8" />
  <meta name='ocr-system' content='tesseract 3.04.00' />
  <meta name='ocr-capabilities' content='ocr_page ocr_carea ocr_par ocr_line ocrx_word'/>
</head>
<body>
  <div class='ocr_page' id='page_1' title='image "./quaestionumdere01boehgoog_0023.png"; bbox 0 0 3875 5392; ppageno 0'>
   <div class='ocr_carea' id='block_1_1' title="bbox 1603 336 2030 401">
    <p class='ocr_par' dir='ltr' id='par_1_1' title="bbox 1603 336 2030 401">
     <span class='ocr_line' id='line_1_1' title="bbox 1603 336 2030 401; baseline 0 -15"><span class='ocrx_word' id='word_1_1' title='bbox 1603 336 2030 401; x_wconf 57' lang='lat'><strong>—15-.</strong></span> 
     </span>
    </p>
   </div>
   <div class='ocr_carea' id='block_1_2' title="bbox 475 517 3164 1060">
    <p class='ocr_par' dir='ltr' id='par_1_2' title="bbox 475 517 3164 1060">
     <span class='ocr_line' id='line_1_2' title="bbox 475 517 3160 615; baseline 0.002 -27"><span class='ocrx_word' id='word_1_2' title='bbox 475 517 853 613; x_wconf 78' lang='grc' dir='ltr'><strong><em>περίβλημα</em></strong></span> <span class='ocrx_word' id='word_1_3' title='bbox 921 524 1083 591; x_wconf 88' lang='lat' dir='ltr'>illud</span> <span class='ocrx_word' id='word_1_4' title='bbox 1155 547 1302 592; x_wconf 88' lang='lat' dir='ltr'>esse</span> <span class='ocrx_word' id='word_1_5' title='bbox 1362 528 1618 607; x_wconf 84' lang='lat' dir='ltr'>volunt,</span> <span class='ocrx_word' id='word_1_6' title='bbox 1689 534 2038 615; x_wconf 87' lang='lat' dir='ltr'>praeterea</span> <span class='ocrx_word' id='word_1_7' title='bbox 2111 527 2406 593; x_wconf 84' lang='lat' dir='ltr'>conferas</span> <span class='ocrx_word' id='word_1_8' title='bbox 2470 526 2687 615; x_wconf 86' lang='lat' dir='ltr'>Etym.</span> <span class='ocrx_word' id='word_1_9' title='bbox 2732 527 2953 614; x_wconf 81' lang='lat' dir='ltr'>Magn.</span> <span class='ocrx_word' id='word_1_10' title='bbox 3002 551 3053 594; x_wconf 88' lang='lat' dir='ltr'>s.</span> <span class='ocrx_word' id='word_1_11' title='bbox 3101 549 3160 595; x_wconf 82' lang='lat' dir='ltr'>v.</span> 
     </span>
     <span class='ocr_line' id='line_1_3' title="bbox 478 631 3164 726; baseline 0.001 -24"><span class='ocrx_word' id='word_1_12' title='bbox 478 632 858 722; x_wconf 75' lang='grc' dir='ltr'><strong><em>ἐπιγονατίς</em></strong></span> <span class='ocrx_word' id='word_1_13' title='bbox 881 636 974 724; x_wconf 92' lang='lat' dir='ltr'>(p.</span> <span class='ocrx_word' id='word_1_14' title='bbox 1002 640 1149 704; x_wconf 82' lang='lat'><strong>358.</strong></span> <span class='ocrx_word' id='word_1_15' title='bbox 1174 640 1334 721; x_wconf 83' lang='lat'>26).</span> <span class='ocrx_word' id='word_1_16' title='bbox 1408 635 1646 721; x_wconf 78' lang='grc' dir='ltr'><strong><em>,χιτὼν</em></strong></span> <span class='ocrx_word' id='word_1_17' title='bbox 1679 631 2015 719; x_wconf 80' lang='grc' dir='ltr'><strong><em>ἆνάκωλος</em></strong></span> <span class='ocrx_word' id='word_1_18' title='bbox 2051 642 2434 726; x_wconf 79' lang='grc' dir='ltr'>γυναικεῖος,</span> <span class='ocrx_word' id='word_1_19' title='bbox 2484 665 2557 707; x_wconf 85' lang='grc' dir='ltr'>ον</span> <span class='ocrx_word' id='word_1_20' title='bbox 2586 635 2896 706; x_wconf 70' lang='grc' dir='ltr'><strong><em>ἔνδοθεν</em></strong></span> <span class='ocrx_word' id='word_1_21' title='bbox 2925 638 3164 706; x_wconf 78' lang='grc' dir='ltr'><strong><em>ἐπεν-</em></strong></span> 
     </span>
     <span class='ocr_line' id='line_1_4' title="bbox 476 689 3162 840; baseline 0.001 -27"><span class='ocrx_word' id='word_1_22' title='bbox 476 742 761 815; x_wconf 79' lang='grc' dir='ltr'><strong><em>δύονται.</em></strong></span> <span class='ocrx_word' id='word_1_23' title='bbox 850 748 1061 814; x_wconf 90' lang='lat' dir='ltr'>Immo</span> <span class='ocrx_word' id='word_1_24' title='bbox 1110 689 1448 816; x_wconf 76' lang='lat' dir='ltr'><strong>contendit</strong></span> <span class='ocrx_word' id='word_1_25' title='bbox 1491 753 1955 837; x_wconf 87' lang='lat' dir='ltr'>grammaticus</span> <span class='ocrx_word' id='word_1_26' title='bbox 2003 753 2310 818; x_wconf 89' lang='lat' dir='ltr'>mulieres</span> <span class='ocrx_word' id='word_1_27' title='bbox 2356 752 2717 840; x_wconf 90' lang='lat' dir='ltr'>hemidiplo</span> <span class='ocrx_word' id='word_1_28' title='bbox 2766 752 2942 816; x_wconf 91' lang='lat' dir='ltr'>idion</span> <span class='ocrx_word' id='word_1_29' title='bbox 2987 751 3162 817; x_wconf 91' lang='lat' dir='ltr'>domi</span> 
     </span>
     <span class='ocr_line' id='line_1_5' title="bbox 476 861 3164 950; baseline 0.001 -24"><span class='ocrx_word' id='word_1_30' title='bbox 476 868 799 947; x_wconf 77' lang='lat' dir='ltr'>gestasse,</span> <span class='ocrx_word' id='word_1_31' title='bbox 831 861 1237 949; x_wconf 85' lang='lat' dir='ltr'>deposuisse,</span> <span class='ocrx_word' id='word_1_32' title='bbox 1271 865 1327 929; x_wconf 90' lang='lat' dir='ltr'>si</span> <span class='ocrx_word' id='word_1_33' title='bbox 1359 864 1534 929; x_wconf 88' lang='lat' dir='ltr'>foras</span> <span class='ocrx_word' id='word_1_34' title='bbox 1570 864 1850 946; x_wconf 80' lang='lat' dir='ltr'>exirent,</span> <span class='ocrx_word' id='word_1_35' title='bbox 1883 865 2077 950; x_wconf 89' lang='lat' dir='ltr'>idque</span> <span class='ocrx_word' id='word_1_36' title='bbox 2110 867 2251 931; x_wconf 91' lang='lat' dir='ltr'>sine</span> <span class='ocrx_word' id='word_1_37' title='bbox 2286 865 2485 930; x_wconf 90' lang='lat' dir='ltr'>dubio</span> <span class='ocrx_word' id='word_1_38' title='bbox 2515 865 2700 930; x_wconf 89' lang='lat' dir='ltr'>nisus</span> <span class='ocrx_word' id='word_1_39' title='bbox 2733 870 2799 928; x_wconf 89' lang='lat' dir='ltr'>et</span> <span class='ocrx_word' id='word_1_40' title='bbox 2825 862 3164 930; x_wconf 87' lang='lat' dir='ltr'>Ecclesia-</span> 
     </span>
     <span class='ocr_line' id='line_1_6' title="bbox 477 974 1999 1060; baseline 0.001 -25"><span class='ocrx_word' id='word_1_41' title='bbox 477 992 779 1036; x_wconf 89' lang='lat' dir='ltr'>zusarum</span> <span class='ocrx_word' id='word_1_42' title='bbox 827 974 972 1038; x_wconf 94' lang='lat' dir='ltr'>loco</span> <span class='ocrx_word' id='word_1_43' title='bbox 1020 978 1088 1038; x_wconf 88' lang='lat' dir='ltr'>et</span> <span class='ocrx_word' id='word_1_44' title='bbox 1129 974 1541 1058; x_wconf 79' lang='lat' dir='ltr'>Lysistratae</span> <span class='ocrx_word' id='word_1_45' title='bbox 1587 995 1648 1040; x_wconf 86' lang='lat' dir='ltr'>v.</span> <span class='ocrx_word' id='word_1_46' title='bbox 1681 995 1741 1038; x_wconf 80' lang='lat' dir='ltr'>v,</span> <span class='ocrx_word' id='word_1_47' title='bbox 1774 977 1999 1060; x_wconf 85' lang='lat' dir='ltr'>42sq.:</span> 
     </span>
    </p>
   </div>
   <div class='ocr_carea' id='block_1_3' title="bbox 905 1095 2712 1415">
    <p class='ocr_par' dir='ltr' id='par_1_3' title="bbox 905 1095 2712 1415">
     <span class='ocr_line' id='line_1_7' title="bbox 908 1095 2341 1191; baseline 0.003 -24"><span class='ocrx_word' id='word_1_48' title='bbox 908 1098 978 1167; x_wconf 82' lang='grc' dir='ltr'>τί</span> <span class='ocrx_word' id='word_1_49' title='bbox 1022 1095 1090 1167; x_wconf 79' lang='grc' dir='ltr'>δ’</span> <span class='ocrx_word' id='word_1_50' title='bbox 1101 1096 1180 1168; x_wconf 68' lang='grc' dir='ltr'><strong><em>ἂν</em></strong></span> <span class='ocrx_word' id='word_1_51' title='bbox 1221 1106 1519 1190; x_wconf 78' lang='grc' dir='ltr'><strong><em>γυναῖκες</em></strong></span> <span class='ocrx_word' id='word_1_52' title='bbox 1562 1099 1881 1191; x_wconf 83' lang='grc' dir='ltr'><strong><em>φρόνιμον</em></strong></span> <span class='ocrx_word' id='word_1_53' title='bbox 1925 1102 2341 1191; x_wconf 76' lang='grc' dir='ltr'><strong><em>ἐργασαίατο,</em></strong></span> 
     </span>
     <span class='ocr_line' id='line_1_8' title="bbox 909 1209 2374 1304; baseline 0.002 -25"><span class='ocrx_word' id='word_1_54' title='bbox 909 1264 1248 1281; x_wconf 90' lang='grc'><strong>......</strong></span> <span class='ocrx_word' id='word_1_55' title='bbox 1296 1210 1380 1280; x_wconf 73' lang='grc' dir='ltr'>αἳ</span> <span class='ocrx_word' id='word_1_56' title='bbox 1414 1239 1455 1281; x_wconf 80' lang='grc' dir='ltr'><strong><em>κ</em></strong></span> <span class='ocrx_word' id='word_1_57' title='bbox 1471 1241 1516 1280; x_wconf 91' lang='grc' dir='ltr'><strong><em>α</em></strong></span> <span class='ocrx_word' id='word_1_58' title='bbox 1527 1210 1635 1304; x_wconf 68' lang='grc' dir='ltr'>θή</span> <span class='ocrx_word' id='word_1_59' title='bbox 1647 1242 1697 1299; x_wconf 85' lang='grc' dir='ltr'><em>μ</em></span> <span class='ocrx_word' id='word_1_60' title='bbox 1711 1240 1742 1281; x_wconf 82' lang='grc' dir='ltr'><strong><em>ε</em></strong></span> <span class='ocrx_word' id='word_1_61' title='bbox 1755 1209 1833 1281; x_wconf 72' lang='grc' dir='ltr'>θ’</span> <span class='ocrx_word' id='word_1_62' title='bbox 1885 1213 2374 1301; x_wconf 75' lang='grc' dir='ltr'><strong><em>ἑξανθισμέναι,</em></strong></span> 
     </span>
     <span class='ocr_line' id='line_1_9' title="bbox 905 1322 2712 1415; baseline 0.003 -26"><span class='ocrx_word' id='word_1_63' title='bbox 905 1322 1269 1412; x_wconf 82' lang='grc' dir='ltr'><strong><em>κροκωτὰ</em></strong></span> <span class='ocrx_word' id='word_1_64' title='bbox 1315 1329 1716 1415; x_wconf 81' lang='grc' dir='ltr'>φοροῦσαι</span> <span class='ocrx_word' id='word_1_65' title='bbox 1762 1326 1877 1394; x_wconf 84' lang='grc' dir='ltr'>καὶ</span> <span class='ocrx_word' id='word_1_66' title='bbox 1920 1327 2534 1414; x_wconf 75' lang='grc' dir='ltr'>κεκαλλωπισμέναι</span> <span class='ocrx_word' id='word_1_67' title='bbox 2578 1330 2712 1395; x_wconf 79' lang='grc' dir='ltr'>κτλ.</span> 
     </span>
    </p>
   </div>
   <div class='ocr_carea' id='block_1_4' title="bbox 474 1455 3167 1769">
    <p class='ocr_par' dir='ltr' id='par_1_4' title="bbox 474 1455 3167 1769">
     <span class='ocr_line' id='line_1_10' title="bbox 480 1455 3166 1546; baseline 0.002 -27"><span class='ocrx_word' id='word_1_68' title='bbox 480 1455 649 1520; x_wconf 89' lang='lat' dir='ltr'>Nam</span> <span class='ocrx_word' id='word_1_69' title='bbox 694 1475 876 1536; x_wconf 85' lang='lat' dir='ltr'>cave,</span> <span class='ocrx_word' id='word_1_70' title='bbox 921 1476 1006 1520; x_wconf 89' lang='lat' dir='ltr'>ne</span> <span class='ocrx_word' id='word_1_71' title='bbox 1053 1477 1171 1541; x_wconf 91' lang='lat' dir='ltr'>pro</span> <span class='ocrx_word' id='word_1_72' title='bbox 1214 1479 1397 1523; x_wconf 89' lang='lat' dir='ltr'>more</span> <span class='ocrx_word' id='word_1_73' title='bbox 1442 1458 1618 1523; x_wconf 92' lang='lat' dir='ltr'>illius</span> <span class='ocrx_word' id='word_1_74' title='bbox 1666 1459 1903 1524; x_wconf 88' lang='lat' dir='ltr'>aetatis</span> <span class='ocrx_word' id='word_1_75' title='bbox 1951 1466 2219 1546; x_wconf 88' lang='lat' dir='ltr'>recepto</span> <span class='ocrx_word' id='word_1_76' title='bbox 2262 1460 2387 1525; x_wconf 94' lang='lat' dir='ltr'>hoc</span> <span class='ocrx_word' id='word_1_77' title='bbox 2417 1460 2711 1537; x_wconf 90' lang='lat' dir='ltr'>habeas;</span> <span class='ocrx_word' id='word_1_78' title='bbox 2758 1461 2849 1525; x_wconf 92' lang='lat' dir='ltr'>nil</span> <span class='ocrx_word' id='word_1_79' title='bbox 2897 1468 3000 1527; x_wconf 89' lang='lat' dir='ltr'>est</span> <span class='ocrx_word' id='word_1_80' title='bbox 3042 1462 3166 1527; x_wconf 88' lang='lat' dir='ltr'>nisi</span> 
     </span>
     <span class='ocr_line' id='line_1_11' title="bbox 474 1567 3167 1657; baseline 0.002 -26"><span class='ocrx_word' id='word_1_81' title='bbox 474 1567 838 1632; x_wconf 89' lang='lat' dir='ltr'>umbratilis</span> <span class='ocrx_word' id='word_1_82' title='bbox 895 1570 1302 1652; x_wconf 79' lang='lat' dir='ltr'>grammatici</span> <span class='ocrx_word' id='word_1_83' title='bbox 1363 1570 1697 1635; x_wconf 89' lang='lat' dir='ltr'>doctrinae</span> <span class='ocrx_word' id='word_1_84' title='bbox 1760 1572 2129 1657; x_wconf 77' lang='lat' dir='ltr'>specimen,</span> <span class='ocrx_word' id='word_1_85' title='bbox 2194 1572 2368 1656; x_wconf 92' lang='lat' dir='ltr'>quod</span> <span class='ocrx_word' id='word_1_86' title='bbox 2426 1573 2529 1636; x_wconf 89' lang='lat' dir='ltr'>cui</span> <span class='ocrx_word' id='word_1_87' title='bbox 2599 1593 2727 1637; x_wconf 88' lang='lat' dir='ltr'>non</span> <span class='ocrx_word' id='word_1_88' title='bbox 2785 1573 3050 1656; x_wconf 84' lang='lat' dir='ltr'>sufficit,</span> <span class='ocrx_word' id='word_1_89' title='bbox 3110 1576 3167 1637; x_wconf 90' lang='lat' dir='ltr'>is</span> 
     </span>
     <span class='ocr_line' id='line_1_12' title="bbox 474 1680 2461 1769; baseline 0.003 -28"><span class='ocrx_word' id='word_1_90' title='bbox 474 1685 707 1764; x_wconf 83' lang='lat' dir='ltr'>pergat</span> <span class='ocrx_word' id='word_1_91' title='bbox 752 1699 897 1744; x_wconf 90' lang='lat' dir='ltr'>cum</span> <span class='ocrx_word' id='word_1_92' title='bbox 942 1680 1054 1745; x_wconf 90' lang='lat' dir='ltr'>illo</span> <span class='ocrx_word' id='word_1_93' title='bbox 1100 1680 1633 1769; x_wconf 84' lang='lat' dir='ltr'>hemidiploidion</span> <span class='ocrx_word' id='word_1_94' title='bbox 1676 1700 1797 1768; x_wconf 92' lang='lat' dir='ltr'>pro</span> <span class='ocrx_word' id='word_1_95' title='bbox 1844 1683 2117 1748; x_wconf 91' lang='lat' dir='ltr'>himatio</span> <span class='ocrx_word' id='word_1_96' title='bbox 2162 1683 2461 1749; x_wconf 86' lang='lat' dir='ltr'>habere.¹</span> 
     </span>
    </p>
   </div>
   <div class='ocr_carea' id='block_1_5' title="bbox 474 1807 3168 2769">
    <p class='ocr_par' dir='ltr' id='par_1_5' title="bbox 474 1807 3168 2769">
     <span class='ocr_line' id='line_1_13' title="bbox 648 1807 3167 1898; baseline 0.004 -27"><span class='ocrx_word' id='word_1_97' title='bbox 648 1807 739 1873; x_wconf 89' lang='lat' dir='ltr'>Ut</span> <span class='ocrx_word' id='word_1_98' title='bbox 805 1807 1100 1874; x_wconf 80' lang='lat' dir='ltr'>breviter</span> <span class='ocrx_word' id='word_1_99' title='bbox 1166 1810 1597 1895; x_wconf 84' lang='lat' dir='ltr'>complectar,</span> <span class='ocrx_word' id='word_1_100' title='bbox 1667 1808 1821 1895; x_wconf 88' lang='lat' dir='ltr'>quid</span> <span class='ocrx_word' id='word_1_101' title='bbox 1889 1810 2199 1892; x_wconf 88' lang='lat' dir='ltr'>sentiam,</span> <span class='ocrx_word' id='word_1_102' title='bbox 2275 1832 2664 1898; x_wconf 84' lang='lat' dir='ltr'>persuasum</span> <span class='ocrx_word' id='word_1_103' title='bbox 2733 1812 2892 1877; x_wconf 81' lang='lat' dir='ltr'>mihi</span> <span class='ocrx_word' id='word_1_104' title='bbox 2954 1813 3167 1880; x_wconf 88' lang='lat' dir='ltr'>habeo</span> 
     </span>
     <span class='ocr_line' id='line_1_14' title="bbox 480 1917 3164 2011; baseline 0.003 -29"><span class='ocrx_word' id='word_1_105' title='bbox 480 1917 794 2004; x_wconf 84' lang='lat' dir='ltr'>diploidia</span> <span class='ocrx_word' id='word_1_106' title='bbox 850 1938 999 1983; x_wconf 86' lang='lat' dir='ltr'>esse</span> <span class='ocrx_word' id='word_1_107' title='bbox 1059 1919 1357 1984; x_wconf 88' lang='lat' dir='ltr'>chitones</span> <span class='ocrx_word' id='word_1_108' title='bbox 1415 1919 1708 2004; x_wconf 77' lang='lat' dir='ltr'>duplices</span> <span class='ocrx_word' id='word_1_109' title='bbox 1770 1921 2011 1984; x_wconf 90' lang='lat' dir='ltr'>circum</span> <span class='ocrx_word' id='word_1_110' title='bbox 2068 1921 2354 2003; x_wconf 89' lang='lat' dir='ltr'>clausos,</span> <span class='ocrx_word' id='word_1_111' title='bbox 2418 1923 2648 2006; x_wconf 89' lang='lat' dir='ltr'>quales</span> <span class='ocrx_word' id='word_1_112' title='bbox 2695 1932 2935 2010; x_wconf 89' lang='lat' dir='ltr'>gerunt</span> <span class='ocrx_word' id='word_1_113' title='bbox 2980 1947 3035 1991; x_wconf 91' lang='lat' dir='ltr'>e.</span> <span class='ocrx_word' id='word_1_114' title='bbox 3068 1946 3164 2011; x_wconf 85' lang='lat' dir='ltr'>gr.</span> 
     </span>
     <span class='ocr_line' id='line_1_15' title="bbox 475 2029 3168 2119; baseline 0.002 -24"><span class='ocrx_word' id='word_1_115' title='bbox 475 2030 785 2116; x_wconf 88' lang='lat' dir='ltr'>Virgines</span> <span class='ocrx_word' id='word_1_116' title='bbox 818 2029 1196 2112; x_wconf 84' lang='lat' dir='ltr'>Erechthei,</span> <span class='ocrx_word' id='word_1_117' title='bbox 1231 2030 1637 2113; x_wconf 84' lang='lat' dir='ltr'>Saltatrices,</span> <span class='ocrx_word' id='word_1_118' title='bbox 1671 2051 1837 2117; x_wconf 93' lang='lat' dir='ltr'>quae</span> <span class='ocrx_word' id='word_1_119' title='bbox 1871 2030 2192 2113; x_wconf 88' lang='lat' dir='ltr'>dicuntur,</span> <span class='ocrx_word' id='word_1_120' title='bbox 2231 2031 2769 2102; x_wconf 87' lang='lat' dir='ltr'>Herculanenses</span> <span class='ocrx_word' id='word_1_121' title='bbox 2799 2036 3168 2119; x_wconf 63' lang='lat' dir='ltr'>(Antichita</span> 
     </span>
     <span class='ocr_line' id='line_1_16' title="bbox 474 2140 3167 2234; baseline 0.002 -28"><span class='ocrx_word' id='word_1_122' title='bbox 474 2142 544 2207; x_wconf 77' lang='lat' dir='ltr'>di</span> <span class='ocrx_word' id='word_1_123' title='bbox 585 2141 902 2207; x_wconf 74' lang='lat' dir='ltr'>Ercolano</span> <span class='ocrx_word' id='word_1_124' title='bbox 948 2143 1059 2208; x_wconf 92' lang='lat' dir='ltr'>VI.</span> <span class='ocrx_word' id='word_1_125' title='bbox 1119 2140 1391 2230; x_wconf 70' lang='lat' dir='ltr'>[Bromi</span> <span class='ocrx_word' id='word_1_126' title='bbox 1433 2140 1524 2229; x_wconf 93' lang='lat' dir='ltr'>II]</span> <span class='ocrx_word' id='word_1_127' title='bbox 1576 2149 1624 2210; x_wconf 94' lang='lat' dir='ltr'>t.</span> <span class='ocrx_word' id='word_1_128' title='bbox 1671 2146 1771 2209; x_wconf 84' lang='lat'>71.</span> <span class='ocrx_word' id='word_1_129' title='bbox 1825 2145 1924 2206; x_wconf 84' lang='lat'>72.</span> <span class='ocrx_word' id='word_1_130' title='bbox 1974 2145 2074 2207; x_wconf 88' lang='lat'>73.</span> <span class='ocrx_word' id='word_1_131' title='bbox 2125 2147 2226 2208; x_wconf 92' lang='grc'>74.</span> <span class='ocrx_word' id='word_1_132' title='bbox 2276 2143 2432 2230; x_wconf 84' lang='grc'><strong>75.),</strong></span> <span class='ocrx_word' id='word_1_133' title='bbox 2502 2152 2569 2211; x_wconf 88' lang='lat' dir='ltr'>et</span> <span class='ocrx_word' id='word_1_134' title='bbox 2627 2148 2907 2212; x_wconf 78' lang='lat' dir='ltr'>cinctam</span> <span class='ocrx_word' id='word_1_135' title='bbox 2970 2169 3167 2234; x_wconf 87' lang='lat' dir='ltr'>supra</span> 
     </span>
     <span class='ocr_line' id='line_1_17' title="bbox 475 2254 3167 2347; baseline 0.002 -29"><span class='ocrx_word' id='word_1_136' title='bbox 475 2254 806 2340; x_wconf 87' lang='lat' dir='ltr'>deplicata</span> <span class='ocrx_word' id='word_1_137' title='bbox 851 2261 1038 2342; x_wconf 86' lang='lat' dir='ltr'>parte</span> <span class='ocrx_word' id='word_1_138' title='bbox 1083 2255 1388 2321; x_wconf 85' lang='lat' dir='ltr'>Minerva</span> <span class='ocrx_word' id='word_1_139' title='bbox 1416 2254 1593 2322; x_wconf 87' lang='lat' dir='ltr'>Arae</span> <span class='ocrx_word' id='word_1_140' title='bbox 1625 2255 2110 2340; x_wconf 81' lang='lat' dir='ltr'>Pergamenae3</span> <span class='ocrx_word' id='word_1_141' title='bbox 2156 2255 2224 2319; x_wconf 91' lang='lat' dir='ltr'>in</span> <span class='ocrx_word' id='word_1_142' title='bbox 2268 2257 2557 2321; x_wconf 84' lang='lat' dir='ltr'>vasculis</span> <span class='ocrx_word' id='word_1_143' title='bbox 2591 2256 2961 2344; x_wconf 83' lang='lat' dir='ltr'>Tragoedia</span> <span class='ocrx_word' id='word_1_144' title='bbox 2992 2260 3167 2347; x_wconf 91' lang='lat' dir='ltr'>apud</span> 
     </span>
     <span class='ocr_line' id='line_1_18' title="bbox 475 2365 3163 2455; baseline 0.002 -26"><span class='ocrx_word' id='word_1_145' title='bbox 475 2365 791 2433; x_wconf 82' lang='lat' dir='ltr'>Gerhard.</span> <span class='ocrx_word' id='word_1_146' title='bbox 840 2367 922 2431; x_wconf 80' lang='lat' dir='ltr'>A.</span> <span class='ocrx_word' id='word_1_147' title='bbox 964 2366 1152 2431; x_wconf 83' lang='lat' dir='ltr'>V.-B.</span> <span class='ocrx_word' id='word_1_148' title='bbox 1200 2375 1244 2432; x_wconf 90' lang='lat' dir='ltr'>t.</span> <span class='ocrx_word' id='word_1_149' title='bbox 1277 2370 1381 2431; x_wconf 85' lang='lat'>56.</span> <span class='ocrx_word' id='word_1_150' title='bbox 1416 2370 1487 2449; x_wconf 83' lang='lat'>2,</span> <span class='ocrx_word' id='word_1_151' title='bbox 1547 2368 1834 2452; x_wconf 84' lang='lat' dir='ltr'>virgines</span> <span class='ocrx_word' id='word_1_152' title='bbox 1878 2368 2052 2455; x_wconf 88' lang='lat' dir='ltr'>apud</span> <span class='ocrx_word' id='word_1_153' title='bbox 2098 2366 2725 2451; x_wconf 88' lang='lat' dir='ltr'>Raoul-Rochette‚</span> <span class='ocrx_word' id='word_1_154' title='bbox 2772 2370 2952 2435; x_wconf 77' lang='lat' dir='ltr'>Mon.</span> <span class='ocrx_word' id='word_1_155' title='bbox 2997 2372 3163 2436; x_wconf 70' lang='grc' dir='ltr'>ιῗηέᾱ.</span> 
     </span>
     <span class='ocr_line' id='line_1_19' title="bbox 474 2475 3163 2564; baseline 0.003 -25"><span class='ocrx_word' id='word_1_156' title='bbox 474 2481 519 2540; x_wconf 93' lang='lat' dir='ltr'>t.</span> <span class='ocrx_word' id='word_1_157' title='bbox 562 2480 635 2539; x_wconf 71' lang='lat' dir='ltr'>lo</span> <span class='ocrx_word' id='word_1_158' title='bbox 684 2484 750 2541; x_wconf 89' lang='lat' dir='ltr'>et</span> <span class='ocrx_word' id='word_1_159' title='bbox 795 2477 1075 2542; x_wconf 90' lang='lat' dir='ltr'>cinctam</span> <span class='ocrx_word' id='word_1_160' title='bbox 1111 2477 1328 2541; x_wconf 86' lang='lat' dir='ltr'>Diana</span> <span class='ocrx_word' id='word_1_161' title='bbox 1372 2476 1545 2564; x_wconf 90' lang='lat' dir='ltr'>apud</span> <span class='ocrx_word' id='word_1_162' title='bbox 1584 2475 1902 2546; x_wconf 84' lang='lat' dir='ltr'>Gerhard.</span> <span class='ocrx_word' id='word_1_163' title='bbox 1951 2479 1992 2545; x_wconf 92' lang='lat' dir='ltr'>l.</span> <span class='ocrx_word' id='word_1_164' title='bbox 2027 2501 2078 2544; x_wconf 88' lang='lat' dir='ltr'>s.</span> <span class='ocrx_word' id='word_1_165' title='bbox 2125 2484 2171 2545; x_wconf 93' lang='lat' dir='ltr'>t.</span> <span class='ocrx_word' id='word_1_166' title='bbox 2207 2483 2289 2544; x_wconf 81' lang='lat'>29</span> <span class='ocrx_word' id='word_1_167' title='bbox 2322 2486 2389 2546; x_wconf 91' lang='lat' dir='ltr'>et</span> <span class='ocrx_word' id='word_1_168' title='bbox 2421 2479 2717 2546; x_wconf 85' lang='lat' dir='ltr'>Victoria</span> <span class='ocrx_word' id='word_1_169' title='bbox 2747 2482 2834 2547; x_wconf 89' lang='lat' dir='ltr'>ib.</span> <span class='ocrx_word' id='word_1_170' title='bbox 2867 2487 2914 2547; x_wconf 94' lang='lat' dir='ltr'>t.</span> <span class='ocrx_word' id='word_1_171' title='bbox 2946 2485 3047 2548; x_wconf 88' lang='lat'>81.</span> <span class='ocrx_word' id='word_1_172' title='bbox 3081 2522 3163 2532; x_wconf 88' lang='lat'>-—</span> 
     </span>
     <span class='ocr_line' id='line_1_20' title="bbox 477 2584 3164 2680; baseline 0.003 -28"><span class='ocrx_word' id='word_1_173' title='bbox 477 2586 663 2660; x_wconf 85' lang='lat' dir='ltr'>Quae</span> <span class='ocrx_word' id='word_1_174' title='bbox 722 2588 777 2652; x_wconf 92' lang='lat' dir='ltr'>si</span> <span class='ocrx_word' id='word_1_175' title='bbox 836 2589 1137 2657; x_wconf 84' lang='lat' dir='ltr'>breviora</span> <span class='ocrx_word' id='word_1_176' title='bbox 1206 2590 1372 2655; x_wconf 89' lang='lat' dir='ltr'>fiunt</span> <span class='ocrx_word' id='word_1_177' title='bbox 1430 2626 1506 2637; x_wconf 91' lang='lat'>—-</span> <span class='ocrx_word' id='word_1_178' title='bbox 1567 2592 1873 2678; x_wconf 85' lang='lat' dir='ltr'>exempla</span> <span class='ocrx_word' id='word_1_179' title='bbox 1944 2590 2184 2657; x_wconf 82' lang='lat' dir='ltr'>videsis</span> <span class='ocrx_word' id='word_1_180' title='bbox 2255 2613 2317 2679; x_wconf 88' lang='lat' dir='ltr'>p.</span> <span class='ocrx_word' id='word_1_181' title='bbox 2377 2596 2455 2656; x_wconf 89' lang='grc'>14</span> <span class='ocrx_word' id='word_1_182' title='bbox 2533 2628 2611 2639; x_wconf 93' lang='lat'>——</span> <span class='ocrx_word' id='word_1_183' title='bbox 2691 2584 3164 2680; x_wconf 79' lang='grc' dir='ltr'><strong><em>ἡμιδιπλοίδια</em></strong></span> 
     </span>
     <span class='ocr_line' id='line_1_21' title="bbox 475 2720 821 2769; baseline 0.014 -6"><span class='ocrx_word' id='word_1_184' title='bbox 475 2720 557 2764; x_wconf 89' lang='lat' dir='ltr'>ea</span> <span class='ocrx_word' id='word_1_185' title='bbox 600 2721 821 2769; x_wconf 79' lang='lat' dir='ltr'>voces.</span> 
     </span>
    </p>
   </div>
   <div class='ocr_carea' id='block_1_6' title="bbox 477 2829 3166 3259">
    <p class='ocr_par' dir='ltr' id='par_1_6' title="bbox 477 2829 3166 3259">
     <span class='ocr_line' id='line_1_22' title="bbox 646 2829 3161 2920; baseline 0.003 -27"><span class='ocrx_word' id='word_1_186' title='bbox 646 2829 992 2917; x_wconf 80' lang='lat' dir='ltr'>Diploi‘das</span> <span class='ocrx_word' id='word_1_187' title='bbox 1038 2837 1258 2896; x_wconf 88' lang='lat' dir='ltr'>autem</span> <span class='ocrx_word' id='word_1_188' title='bbox 1304 2852 1467 2897; x_wconf 85' lang='lat' dir='ltr'>voco</span> <span class='ocrx_word' id='word_1_189' title='bbox 1513 2832 1733 2897; x_wconf 87' lang='lat' dir='ltr'>omnia</span> <span class='ocrx_word' id='word_1_190' title='bbox 1779 2832 2125 2896; x_wconf 84' lang='lat' dir='ltr'>mulierum</span> <span class='ocrx_word' id='word_1_191' title='bbox 2157 2852 2414 2917; x_wconf 88' lang='lat' dir='ltr'>quoque</span> <span class='ocrx_word' id='word_1_192' title='bbox 2445 2831 2735 2913; x_wconf 87' lang='lat' dir='ltr'>himatia,</span> <span class='ocrx_word' id='word_1_193' title='bbox 2783 2833 2955 2899; x_wconf 90' lang='lat' dir='ltr'>inter</span> <span class='ocrx_word' id='word_1_194' title='bbox 2994 2854 3161 2920; x_wconf 89' lang='lat' dir='ltr'>quae</span> 
     </span>
     <span class='ocr_line' id='line_1_23' title="bbox 477 2941 3166 3029; baseline 0.003 -24"><span class='ocrx_word' id='word_1_195' title='bbox 477 2941 835 3007; x_wconf 88' lang='lat' dir='ltr'>secundum</span> <span class='ocrx_word' id='word_1_196' title='bbox 880 2963 961 3008; x_wconf 91' lang='lat' dir='ltr'>ea</span> <span class='ocrx_word' id='word_1_197' title='bbox 994 2964 1163 3028; x_wconf 89' lang='lat' dir='ltr'>quae</span> <span class='ocrx_word' id='word_1_198' title='bbox 1207 2964 1270 3029; x_wconf 96' lang='lat' dir='ltr'>p.</span> <span class='ocrx_word' id='word_1_199' title='bbox 1310 2945 1386 3007; x_wconf 87' lang='grc'>13</span> <span class='ocrx_word' id='word_1_200' title='bbox 1431 2942 1713 3009; x_wconf 91' lang='lat' dir='ltr'>disserui</span> <span class='ocrx_word' id='word_1_201' title='bbox 1747 2980 1831 2990; x_wconf 89' lang='lat'>—</span> <span class='ocrx_word' id='word_1_202' title='bbox 1871 2943 1986 3007; x_wconf 87' lang='lat' dir='ltr'>cfr.</span> <span class='ocrx_word' id='word_1_203' title='bbox 2024 2948 2373 3029; x_wconf 87' lang='lat' dir='ltr'>praeterea</span> <span class='ocrx_word' id='word_1_204' title='bbox 2416 2941 2691 3008; x_wconf 79' lang='lat' dir='ltr'>Excurs.</span> <span class='ocrx_word' id='word_1_205' title='bbox 2724 2943 2794 3009; x_wconf 89' lang='lat' dir='ltr'>H</span> <span class='ocrx_word' id='word_1_206' title='bbox 2845 2983 2922 2993; x_wconf 91' lang='lat'>—</span> <span class='ocrx_word' id='word_1_207' title='bbox 2972 2952 3039 3011; x_wconf 92' lang='lat' dir='ltr'>et</span> <span class='ocrx_word' id='word_1_208' title='bbox 3085 2967 3166 3012; x_wconf 89' lang='lat' dir='ltr'>ea</span> 
     </span>
     <span class='ocr_line' id='line_1_24' title="bbox 477 3051 3164 3141; baseline 0.003 -24"><span class='ocrx_word' id='word_1_209' title='bbox 477 3051 664 3135; x_wconf 86' lang='lat' dir='ltr'>duco,</span> <span class='ocrx_word' id='word_1_210' title='bbox 698 3074 864 3139; x_wconf 89' lang='lat' dir='ltr'>quae</span> <span class='ocrx_word' id='word_1_211' title='bbox 899 3061 1012 3119; x_wconf 91' lang='lat' dir='ltr'>aut</span> <span class='ocrx_word' id='word_1_212' title='bbox 1042 3075 1172 3119; x_wconf 90' lang='lat' dir='ltr'>una</span> <span class='ocrx_word' id='word_1_213' title='bbox 1203 3061 1317 3120; x_wconf 89' lang='lat' dir='ltr'>aut</span> <span class='ocrx_word' id='word_1_214' title='bbox 1352 3054 1603 3120; x_wconf 86' lang='lat' dir='ltr'>duabus</span> <span class='ocrx_word' id='word_1_215' title='bbox 1634 3054 1854 3120; x_wconf 87' lang='lat' dir='ltr'>fibulis</span> <span class='ocrx_word' id='word_1_216' title='bbox 1885 3056 1952 3118; x_wconf 92' lang='lat' dir='ltr'>in</span> <span class='ocrx_word' id='word_1_217' title='bbox 1983 3054 2274 3120; x_wconf 89' lang='lat' dir='ltr'>humeris</span> <span class='ocrx_word' id='word_1_218' title='bbox 2307 3056 2739 3141; x_wconf 88' lang='lat' dir='ltr'>configuntur.</span> <span class='ocrx_word' id='word_1_219' title='bbox 2787 3057 3164 3140; x_wconf 77' lang='grc' dir='ltr'><strong><em>Διπλοΐδας</em></strong></span> 
     </span>
     <span class='ocr_line' id='line_1_25' title="bbox 477 3166 3163 3259; baseline 0.002 -30"><span class='ocrx_word' id='word_1_220' title='bbox 477 3186 633 3251; x_wconf 89' lang='lat' dir='ltr'>ergo</span> <span class='ocrx_word' id='word_1_221' title='bbox 686 3166 863 3231; x_wconf 88' lang='lat' dir='ltr'>dicas</span> <span class='ocrx_word' id='word_1_222' title='bbox 915 3173 1181 3253; x_wconf 90' lang='lat' dir='ltr'>praeter</span> <span class='ocrx_word' id='word_1_223' title='bbox 1237 3167 1544 3252; x_wconf 85' lang='lat' dir='ltr'>exempla</span> <span class='ocrx_word' id='word_1_224' title='bbox 1610 3188 1809 3253; x_wconf 88' lang='lat' dir='ltr'>supra</span> <span class='ocrx_word' id='word_1_225' title='bbox 1875 3167 2215 3254; x_wconf 88' lang='lat' dir='ltr'>proposita</span> <span class='ocrx_word' id='word_1_226' title='bbox 2276 3173 2532 3233; x_wconf 82' lang='lat' dir='ltr'>vestem</span> <span class='ocrx_word' id='word_1_227' title='bbox 2586 3169 2923 3236; x_wconf 76' lang='lat' dir='ltr'>Briseidos</span> <span class='ocrx_word' id='word_1_228' title='bbox 2989 3171 3163 3259; x_wconf 91' lang='lat' dir='ltr'>apud</span> 
     </span>
    </p>
   </div>
   <div class='ocr_carea' id='block_1_7' title="bbox 476 3324 887 3332">
    <p class='ocr_par' dir='ltr' id='par_1_7' title="bbox 476 3324 887 3332">
     <span class='ocr_line' id='line_1_26' title="bbox 476 3324 887 3332; baseline 0 2060"><span class='ocrx_word' id='word_1_229' title='bbox 476 3324 887 3332; x_wconf 95' lang='lat' dir='ltr'> </span> 
     </span>
    </p>
   </div>
   <div class='ocr_carea' id='block_1_8' title="bbox 474 3422 3164 4852">
    <p class='ocr_par' dir='ltr' id='par_1_8' title="bbox 474 3422 3164 4852">
     <span class='ocr_line' id='line_1_27' title="bbox 658 3422 3162 3495; baseline 0.002 -19"><span class='ocrx_word' id='word_1_230' title='bbox 658 3426 673 3457; x_wconf 94' lang='lat'><strong>¹</strong></span> <span class='ocrx_word' id='word_1_231' title='bbox 714 3423 801 3477; x_wconf 84' lang='lat' dir='ltr'>Ne</span> <span class='ocrx_word' id='word_1_232' title='bbox 835 3425 893 3477; x_wconf 87' lang='lat' dir='ltr'>te</span> <span class='ocrx_word' id='word_1_233' title='bbox 929 3422 1179 3477; x_wconf 85' lang='lat' dir='ltr'>offendat</span> <span class='ocrx_word' id='word_1_234' title='bbox 1222 3423 1373 3491; x_wconf 88' lang='lat' dir='ltr'>quod</span> <span class='ocrx_word' id='word_1_235' title='bbox 1407 3423 1760 3494; x_wconf 82' lang='lat' dir='ltr'>grammatici</span> <span class='ocrx_word' id='word_1_236' title='bbox 1804 3423 1874 3478; x_wconf 89' lang='lat' dir='ltr'>de</span> <span class='ocrx_word' id='word_1_237' title='bbox 1909 3423 2222 3493; x_wconf 76' lang='grc' dir='ltr'><strong><em>ἐπιγονατίς</em></strong></span> <span class='ocrx_word' id='word_1_238' title='bbox 2264 3442 2488 3495; x_wconf 87' lang='lat' dir='ltr'>quoque</span> <span class='ocrx_word' id='word_1_239' title='bbox 2533 3427 2705 3494; x_wconf 87' lang='lat' dir='ltr'>atque</span> <span class='ocrx_word' id='word_1_240' title='bbox 2751 3426 2922 3481; x_wconf 86' lang='lat' dir='ltr'>etiam</span> <span class='ocrx_word' id='word_1_241' title='bbox 2959 3426 3030 3481; x_wconf 89' lang='lat' dir='ltr'>de</span> <span class='ocrx_word' id='word_1_242' title='bbox 3067 3443 3162 3481; x_wconf 90' lang='lat' dir='ltr'>en-</span> 
     </span>
     <span class='ocr_line' id='line_1_28' title="bbox 480 3506 3163 3580; baseline 0.001 -19"><span class='ocrx_word' id='word_1_243' title='bbox 480 3508 633 3577; x_wconf 88' lang='lat' dir='ltr'>cyelo</span> <span class='ocrx_word' id='word_1_244' title='bbox 672 3508 931 3577; x_wconf 88' lang='lat' dir='ltr'>(Pausan.</span> <span class='ocrx_word' id='word_1_245' title='bbox 970 3506 1139 3561; x_wconf 85' lang='lat' dir='ltr'>Attie.</span> <span class='ocrx_word' id='word_1_246' title='bbox 1179 3506 1333 3577; x_wconf 90' lang='lat' dir='ltr'>apud</span> <span class='ocrx_word' id='word_1_247' title='bbox 1368 3507 1624 3562; x_wconf 85' lang='lat' dir='ltr'>Eustath.</span> <span class='ocrx_word' id='word_1_248' title='bbox 1667 3508 1739 3562; x_wconf 87' lang='lat' dir='ltr'>ad</span> <span class='ocrx_word' id='word_1_249' title='bbox 1773 3508 1934 3565; x_wconf 87' lang='lat' dir='ltr'>Iliad.</span> <span class='ocrx_word' id='word_1_250' title='bbox 1973 3507 2120 3563; x_wconf 84' lang='lat' dir='ltr'>XIV.</span> <span class='ocrx_word' id='word_1_251' title='bbox 2157 3527 2209 3563; x_wconf 77' lang='lat' dir='ltr'>V.</span> <span class='ocrx_word' id='word_1_252' title='bbox 2247 3510 2327 3564; x_wconf 90' lang='grc'>78.</span> <span class='ocrx_word' id='word_1_253' title='bbox 2366 3511 2576 3580; x_wconf 80' lang='lat' dir='ltr'>p.976.</span> <span class='ocrx_word' id='word_1_254' title='bbox 2615 3512 2703 3579; x_wconf 82' lang='lat'>12)</span> <span class='ocrx_word' id='word_1_255' title='bbox 2740 3512 3015 3566; x_wconf 85' lang='lat' dir='ltr'>referunt.</span> <span class='ocrx_word' id='word_1_256' title='bbox 3061 3510 3163 3579; x_wconf 62' lang='grc' dir='ltr'>»ὃν</span> 
     </span>
     <span class='ocr_line' id='line_1_29' title="bbox 476 3592 3161 3664; baseline 0.002 -18"><span class='ocrx_word' id='word_1_257' title='bbox 476 3592 709 3647; x_wconf 71' lang='grc' dir='ltr'><strong><em>ἔνδοθεν</em></strong></span> <span class='ocrx_word' id='word_1_258' title='bbox 746 3592 1095 3646; x_wconf 47' lang='grc' dir='ltr'><strong><em>ἐνδύονταιἫ</em></strong></span> <span class='ocrx_word' id='word_1_259' title='bbox 1150 3593 1298 3662; x_wconf 90' lang='lat' dir='ltr'>quod</span> <span class='ocrx_word' id='word_1_260' title='bbox 1348 3596 1647 3664; x_wconf 85' lang='lat' dir='ltr'>utrumque</span> <span class='ocrx_word' id='word_1_261' title='bbox 1695 3611 1820 3648; x_wconf 88' lang='lat' dir='ltr'>cum</span> <span class='ocrx_word' id='word_1_262' title='bbox 1866 3595 2149 3649; x_wconf 80' lang='lat' dir='ltr'>chitonem</span> <span class='ocrx_word' id='word_1_263' title='bbox 2195 3612 2313 3651; x_wconf 86' lang='lat' dir='ltr'>esse</span> <span class='ocrx_word' id='word_1_264' title='bbox 2359 3596 2616 3662; x_wconf 86' lang='lat' dir='ltr'>tradant,</span> <span class='ocrx_word' id='word_1_265' title='bbox 2660 3598 3161 3653; x_wconf 86' lang='lat' dir='ltr'>Ecclesiazusarum</span> 
     </span>
     <span class='ocr_line' id='line_1_30' title="bbox 477 3678 3163 3753; baseline 0.001 -19"><span class='ocrx_word' id='word_1_266' title='bbox 477 3697 609 3735; x_wconf 84' lang='lat' dir='ltr'>vero</span> <span class='ocrx_word' id='word_1_267' title='bbox 647 3681 769 3734; x_wconf 86' lang='lat' dir='ltr'>loco</span> <span class='ocrx_word' id='word_1_268' title='bbox 814 3679 885 3734; x_wconf 90' lang='lat' dir='ltr'>de</span> <span class='ocrx_word' id='word_1_269' title='bbox 928 3678 1166 3735; x_wconf 83' lang='lat' dir='ltr'>himatio</span> <span class='ocrx_word' id='word_1_270' title='bbox 1215 3682 1421 3749; x_wconf 85' lang='lat' dir='ltr'>agatur</span> <span class='ocrx_word' id='word_1_271' title='bbox 1456 3712 1520 3721; x_wconf 91' lang='lat'><strong>—</strong></span> <span class='ocrx_word' id='word_1_272' title='bbox 1558 3698 1625 3735; x_wconf 79' lang='lat' dir='ltr'>ex</span> <span class='ocrx_word' id='word_1_273' title='bbox 1663 3698 1853 3736; x_wconf 88' lang='lat' dir='ltr'>eorum</span> <span class='ocrx_word' id='word_1_274' title='bbox 1891 3681 2176 3737; x_wconf 82' lang='lat' dir='ltr'>sententia</span> <span class='ocrx_word' id='word_1_275' title='bbox 2212 3713 2278 3723; x_wconf 93' lang='lat'>--</span> <span class='ocrx_word' id='word_1_276' title='bbox 2315 3686 2416 3737; x_wconf 87' lang='lat' dir='ltr'>tuo</span> <span class='ocrx_word' id='word_1_277' title='bbox 2450 3683 2572 3738; x_wconf 90' lang='lat' dir='ltr'>iure</span> <span class='ocrx_word' id='word_1_278' title='bbox 2607 3684 2756 3739; x_wconf 86' lang='lat' dir='ltr'>dices</span> <span class='ocrx_word' id='word_1_279' title='bbox 2791 3683 2907 3738; x_wconf 85' lang='lat' dir='ltr'>alia</span> <span class='ocrx_word' id='word_1_280' title='bbox 2940 3700 3163 3753; x_wconf 88' lang='lat' dir='ltr'>quoque</span> 
     </span>
     <span class='ocr_line' id='line_1_31' title="bbox 478 3765 3163 3839; baseline 0.001 -19"><span class='ocrx_word' id='word_1_281' title='bbox 478 3768 814 3837; x_wconf 83' lang='lat' dir='ltr'>argumenta</span> <span class='ocrx_word' id='word_1_282' title='bbox 848 3766 976 3820; x_wconf 87' lang='lat' dir='ltr'>illos</span> <span class='ocrx_word' id='word_1_283' title='bbox 1011 3765 1272 3821; x_wconf 83' lang='lat' dir='ltr'>habuisse</span> <span class='ocrx_word' id='word_1_284' title='bbox 1308 3766 1526 3833; x_wconf 89' lang='lat' dir='ltr'>debere,</span> <span class='ocrx_word' id='word_1_285' title='bbox 1563 3785 1709 3835; x_wconf 84' lang='lat' dir='ltr'>quae</span> <span class='ocrx_word' id='word_1_286' title='bbox 1744 3768 1823 3822; x_wconf 90' lang='lat' dir='ltr'>eis</span> <span class='ocrx_word' id='word_1_287' title='bbox 1859 3769 2224 3839; x_wconf 83' lang='lat' dir='ltr'>probaverint</span> <span class='ocrx_word' id='word_1_288' title='bbox 2258 3770 2475 3824; x_wconf 85' lang='lat' dir='ltr'>Atticas</span> <span class='ocrx_word' id='word_1_289' title='bbox 2512 3770 2771 3824; x_wconf 89' lang='lat' dir='ltr'>mulieres</span> <span class='ocrx_word' id='word_1_290' title='bbox 2806 3768 2946 3824; x_wconf 88' lang='lat' dir='ltr'>alias</span> <span class='ocrx_word' id='word_1_291' title='bbox 2982 3772 3163 3824; x_wconf 84' lang='lat' dir='ltr'>vestes</span> 
     </span>
     <span class='ocr_line' id='line_1_32' title="bbox 479 3850 3161 3926; baseline 0.001 -19"><span class='ocrx_word' id='word_1_292' title='bbox 479 3852 632 3907; x_wconf 92' lang='lat' dir='ltr'>domi</span> <span class='ocrx_word' id='word_1_293' title='bbox 651 3894 663 3915; x_wconf 94' lang='lat'>‚</span> <span class='ocrx_word' id='word_1_294' title='bbox 717 3851 857 3905; x_wconf 88' lang='lat' dir='ltr'>alias</span> <span class='ocrx_word' id='word_1_295' title='bbox 902 3850 1036 3905; x_wconf 84' lang='lat' dir='ltr'>foris</span> <span class='ocrx_word' id='word_1_296' title='bbox 1081 3869 1250 3921; x_wconf 88' lang='lat' dir='ltr'>supra</span> <span class='ocrx_word' id='word_1_297' title='bbox 1294 3851 1521 3906; x_wconf 90' lang='lat' dir='ltr'>chitone</span> <span class='ocrx_word' id='word_1_298' title='bbox 1569 3856 1831 3922; x_wconf 82' lang='lat' dir='ltr'>gestasse.</span> <span class='ocrx_word' id='word_1_299' title='bbox 1915 3855 1991 3908; x_wconf 81' lang='lat' dir='ltr'>At</span> <span class='ocrx_word' id='word_1_300' title='bbox 2029 3855 2118 3908; x_wconf 87' lang='lat' dir='ltr'>vel</span> <span class='ocrx_word' id='word_1_301' title='bbox 2157 3854 2259 3909; x_wconf 83' lang='lat' dir='ltr'>illa</span> <span class='ocrx_word' id='word_1_302' title='bbox 2301 3854 2371 3909; x_wconf 88' lang='lat' dir='ltr'>de</span> <span class='ocrx_word' id='word_1_303' title='bbox 2422 3855 2784 3926; x_wconf 88' lang='lat' dir='ltr'>epigonatide</span> <span class='ocrx_word' id='word_1_304' title='bbox 2830 3858 2888 3911; x_wconf 86' lang='lat' dir='ltr'>et</span> <span class='ocrx_word' id='word_1_305' title='bbox 2934 3856 3161 3925; x_wconf 80' lang='lat' dir='ltr'>encyclo</span> 
     </span>
     <span class='ocr_line' id='line_1_33' title="bbox 479 3937 3164 4011; baseline 0.001 -18"><span class='ocrx_word' id='word_1_306' title='bbox 479 3939 737 3993; x_wconf 82' lang='lat' dir='ltr'>doctrina</span> <span class='ocrx_word' id='word_1_307' title='bbox 774 3955 841 3992; x_wconf 86' lang='lat' dir='ltr'>ex</span> <span class='ocrx_word' id='word_1_308' title='bbox 864 3938 986 3991; x_wconf 84' lang='lat' dir='ltr'>loeo</span> <span class='ocrx_word' id='word_1_309' title='bbox 1024 3938 1339 4007; x_wconf 83' lang='lat' dir='ltr'>significato</span> <span class='ocrx_word' id='word_1_310' title='bbox 1371 3938 1558 3992; x_wconf 86' lang='lat' dir='ltr'>fluxit:</span> <span class='ocrx_word' id='word_1_311' title='bbox 1595 3937 1748 3993; x_wconf 84' lang='lat' dir='ltr'>fuere</span> <span class='ocrx_word' id='word_1_312' title='bbox 1783 3956 1987 4010; x_wconf 87' lang='lat' dir='ltr'>nempe</span> <span class='ocrx_word' id='word_1_313' title='bbox 2010 3940 2380 4011; x_wconf 82' lang='lat' dir='ltr'>grammatici,</span> <span class='ocrx_word' id='word_1_314' title='bbox 2419 3941 2518 4010; x_wconf 87' lang='lat' dir='ltr'>qui</span> <span class='ocrx_word' id='word_1_315' title='bbox 2554 3945 2702 3998; x_wconf 84' lang='lat' dir='ltr'>certe</span> <span class='ocrx_word' id='word_1_316' title='bbox 2726 3941 2923 3997; x_wconf 83' lang='lat' dir='ltr'>iisdem</span> <span class='ocrx_word' id='word_1_317' title='bbox 2959 3941 3164 4011; x_wconf 88' lang='lat' dir='ltr'>quibus</span> 
     </span>
     <span class='ocr_line' id='line_1_34' title="bbox 474 4021 3162 4097; baseline 0.002 -19"><span class='ocrx_word' id='word_1_318' title='bbox 474 4042 578 4079; x_wconf 86' lang='lat' dir='ltr'>nos</span> <span class='ocrx_word' id='word_1_319' title='bbox 643 4024 823 4079; x_wconf 87' lang='lat' dir='ltr'>causis</span> <span class='ocrx_word' id='word_1_320' title='bbox 879 4022 1020 4078; x_wconf 88' lang='lat' dir='ltr'>moti</span> <span class='ocrx_word' id='word_1_321' title='bbox 1071 4022 1479 4094; x_wconf 70' lang='grc' dir='ltr'>ἡμιδιπλοίδιον</span> <span class='ocrx_word' id='word_1_322' title='bbox 1524 4026 1605 4094; x_wconf 86' lang='lat' dir='ltr'>(et</span> <span class='ocrx_word' id='word_1_323' title='bbox 1639 4021 1925 4092; x_wconf 77' lang='grc' dir='ltr'><strong><em>ἔγκυκλον,</em></strong></span> <span class='ocrx_word' id='word_1_324' title='bbox 1977 4026 2126 4094; x_wconf 87' lang='lat' dir='ltr'>quod</span> <span class='ocrx_word' id='word_1_325' title='bbox 2176 4026 2247 4080; x_wconf 87' lang='lat' dir='ltr'>ab</span> <span class='ocrx_word' id='word_1_326' title='bbox 2301 4026 2401 4080; x_wconf 92' lang='lat' dir='ltr'>illo</span> <span class='ocrx_word' id='word_1_327' title='bbox 2444 4026 2724 4082; x_wconf 83' lang='lat' dir='ltr'>diversum</span> <span class='ocrx_word' id='word_1_328' title='bbox 2770 4044 2887 4083; x_wconf 88' lang='lat' dir='ltr'>esse</span> <span class='ocrx_word' id='word_1_329' title='bbox 2928 4044 3162 4097; x_wconf 80' lang='lat' dir='ltr'>negasse</span> 
     </span>
     <span class='ocr_line' id='line_1_35' title="bbox 479 4108 3162 4183; baseline 0.001 -17"><span class='ocrx_word' id='word_1_330' title='bbox 479 4110 766 4178; x_wconf 86' lang='lat' dir='ltr'>videntur)</span> <span class='ocrx_word' id='word_1_331' title='bbox 802 4126 904 4179; x_wconf 89' lang='lat' dir='ltr'>pro</span> <span class='ocrx_word' id='word_1_332' title='bbox 943 4108 1241 4177; x_wconf 80' lang='lat' dir='ltr'>endymate</span> <span class='ocrx_word' id='word_1_333' title='bbox 1276 4109 1574 4172; x_wconf 87' lang='lat' dir='ltr'>haberent,</span> <span class='ocrx_word' id='word_1_334' title='bbox 1623 4109 1779 4164; x_wconf 85' lang='lat' dir='ltr'>cuius</span> <span class='ocrx_word' id='word_1_335' title='bbox 1826 4110 1904 4165; x_wconf 88' lang='lat' dir='ltr'>rei</span> <span class='ocrx_word' id='word_1_336' title='bbox 1940 4110 2247 4181; x_wconf 83' lang='lat' dir='ltr'>vestigium</span> <span class='ocrx_word' id='word_1_337' title='bbox 2282 4128 2585 4181; x_wconf 87' lang='lat' dir='ltr'>sanequam</span> <span class='ocrx_word' id='word_1_338' title='bbox 2621 4115 2791 4168; x_wconf 86' lang='lat' dir='ltr'>tenue</span> <span class='ocrx_word' id='word_1_339' title='bbox 2825 4113 2885 4167; x_wconf 90' lang='lat' dir='ltr'>in</span> <span class='ocrx_word' id='word_1_340' title='bbox 2921 4111 3025 4183; x_wconf 86' lang='grc' dir='ltr'>,,ἢ““</span> <span class='ocrx_word' id='word_1_341' title='bbox 3061 4115 3162 4168; x_wconf 90' lang='lat' dir='ltr'>illo</span> 
     </span>
     <span class='ocr_line' id='line_1_36' title="bbox 479 4194 3164 4270; baseline 0.001 -19"><span class='ocrx_word' id='word_1_342' title='bbox 479 4195 742 4265; x_wconf 80' lang='lat' dir='ltr'>Hesychii</span> <span class='ocrx_word' id='word_1_343' title='bbox 780 4195 969 4250; x_wconf 85' lang='lat' dir='ltr'>habes.</span> <span class='ocrx_word' id='word_1_344' title='bbox 1039 4194 1166 4261; x_wconf 88' lang='lat' dir='ltr'>(Hic</span> <span class='ocrx_word' id='word_1_345' title='bbox 1209 4211 1275 4249; x_wconf 89' lang='lat' dir='ltr'>ex</span> <span class='ocrx_word' id='word_1_346' title='bbox 1312 4195 1780 4264; x_wconf 85' lang='lat' dir='ltr'>interpretatione</span> <span class='ocrx_word' id='word_1_347' title='bbox 1815 4195 1918 4250; x_wconf 86' lang='lat' dir='ltr'>illa</span> <span class='ocrx_word' id='word_1_348' title='bbox 1955 4198 2235 4251; x_wconf 84' lang='lat' dir='ltr'>servatum</span> <span class='ocrx_word' id='word_1_349' title='bbox 2280 4195 2503 4268; x_wconf 77' lang='grc' dir='ltr'><strong><em>ἱμάτιον</em></strong></span> <span class='ocrx_word' id='word_1_350' title='bbox 2536 4199 2852 4266; x_wconf 76' lang='grc' dir='ltr'><strong><em>γυναικεῖον</em></strong></span> <span class='ocrx_word' id='word_1_351' title='bbox 2887 4220 2900 4253; x_wconf 90' lang='lat'>:</span> <span class='ocrx_word' id='word_1_352' title='bbox 2938 4201 3164 4270; x_wconf 74' lang='grc' dir='ltr'><strong><em>ἱμάτιον</em></strong></span> 
     </span>
     <span class='ocr_line' id='line_1_37' title="bbox 478 4276 3163 4354; baseline 0.001 -17"><span class='ocrx_word' id='word_1_353' title='bbox 478 4284 664 4337; x_wconf 84' lang='lat' dir='ltr'>autem</span> <span class='ocrx_word' id='word_1_354' title='bbox 718 4280 957 4349; x_wconf 79' lang='lat' dir='ltr'>endyma</span> <span class='ocrx_word' id='word_1_355' title='bbox 1000 4280 1339 4350; x_wconf 84' lang='lat' dir='ltr'>significasse</span> <span class='ocrx_word' id='word_1_356' title='bbox 1387 4280 1658 4350; x_wconf 86' lang='lat' dir='ltr'>probatur</span> <span class='ocrx_word' id='word_1_357' title='bbox 1704 4281 1961 4351; x_wconf 86' lang='lat' dir='ltr'>opposito</span> <span class='ocrx_word' id='word_1_358' title='bbox 2014 4276 2358 4350; x_wconf 77' lang='grc' dir='ltr'><strong><em>ἄναβόλαιον.</em></strong></span> <span class='ocrx_word' id='word_1_359' title='bbox 2433 4282 2538 4339; x_wconf 85' lang='lat' dir='ltr'>Cfr.</span> <span class='ocrx_word' id='word_1_360' title='bbox 2577 4282 2764 4352; x_wconf 79' lang='lat' dir='ltr'>Etym.</span> <span class='ocrx_word' id='word_1_361' title='bbox 2808 4284 2995 4354; x_wconf 84' lang='lat' dir='ltr'>Magn.</span> <span class='ocrx_word' id='word_1_362' title='bbox 3034 4304 3075 4341; x_wconf 92' lang='lat' dir='ltr'>s.</span> <span class='ocrx_word' id='word_1_363' title='bbox 3110 4303 3163 4339; x_wconf 83' lang='lat' dir='ltr'>v.</span> 
     </span>
     <span class='ocr_line' id='line_1_38' title="bbox 476 4365 3162 4439; baseline 0.001 -19"><span class='ocrx_word' id='word_1_364' title='bbox 476 4365 677 4438; x_wconf 69' lang='grc' dir='ltr'>χιτῶνι</span> <span class='ocrx_word' id='word_1_365' title='bbox 716 4409 728 4422; x_wconf 91' lang='grc'><strong>.</strong></span> <span class='ocrx_word' id='word_1_366' title='bbox 757 4408 769 4420; x_wconf 93' lang='grc'><strong>.</strong></span> <span class='ocrx_word' id='word_1_367' title='bbox 797 4409 808 4420; x_wconf 93' lang='grc'><strong>.</strong></span> <span class='ocrx_word' id='word_1_368' title='bbox 838 4409 849 4421; x_wconf 94' lang='grc'><strong>.</strong></span> <span class='ocrx_word' id='word_1_369' title='bbox 888 4365 976 4421; x_wconf 80' lang='grc' dir='ltr'>ἐπὶ</span> <span class='ocrx_word' id='word_1_370' title='bbox 1019 4369 1125 4436; x_wconf 78' lang='grc' dir='ltr'><strong><em>μὲν</em></strong></span> <span class='ocrx_word' id='word_1_371' title='bbox 1160 4366 1258 4420; x_wconf 82' lang='grc' dir='ltr'><strong><em>τοῦ</em></strong></span> <span class='ocrx_word' id='word_1_372' title='bbox 1293 4365 1545 4435; x_wconf 71' lang='grc' dir='ltr'><strong><em>συνήθως</em></strong></span> <span class='ocrx_word' id='word_1_373' title='bbox 1578 4366 1716 4436; x_wconf 78' lang='grc' dir='ltr'><strong><em>ἡμῖν</em></strong></span> <span class='ocrx_word' id='word_1_374' title='bbox 1751 4367 2053 4435; x_wconf 71' lang='grc' dir='ltr'><strong><em>λεγομένου</em></strong></span> <span class='ocrx_word' id='word_1_375' title='bbox 2096 4368 2333 4438; x_wconf 78' lang='grc' dir='ltr'>ἱματίου.</span> <span class='ocrx_word' id='word_1_376' title='bbox 2404 4369 2588 4438; x_wconf 76' lang='lat' dir='ltr'>Etym.</span> <span class='ocrx_word' id='word_1_377' title='bbox 2625 4368 2764 4423; x_wconf 83' lang='lat' dir='ltr'>Gud.</span> <span class='ocrx_word' id='word_1_378' title='bbox 2800 4367 2990 4439; x_wconf 78' lang='grc' dir='ltr'><strong><em>χιτών·</em></strong></span> <span class='ocrx_word' id='word_1_379' title='bbox 3024 4370 3162 4423; x_wconf 74' lang='grc' dir='ltr'><strong><em>ὕπο-</em></strong></span> 
     </span>
     <span class='ocr_line' id='line_1_39' title="bbox 477 4449 3163 4526; baseline 0.002 -20"><span class='ocrx_word' id='word_1_380' title='bbox 477 4452 733 4523; x_wconf 80' lang='grc' dir='ltr'><strong><em>κάμισον,</em></strong></span> <span class='ocrx_word' id='word_1_381' title='bbox 769 4451 833 4505; x_wconf 67' lang='lat' dir='ltr'>ro*</span> <span class='ocrx_word' id='word_1_382' title='bbox 862 4454 960 4505; x_wconf 80' lang='grc' dir='ltr'><strong><em>τοῦ</em></strong></span> <span class='ocrx_word' id='word_1_383' title='bbox 992 4449 1189 4526; x_wconf 73' lang='grc' dir='ltr'><strong><em>ἀνδρός</em></strong></span> <span class='ocrx_word' id='word_1_384' title='bbox 1224 4452 1447 4522; x_wconf 71' lang='grc' dir='ltr'><strong><em>ἱμάτιον</em></strong></span> <span class='ocrx_word' id='word_1_385' title='bbox 1470 4453 1621 4519; x_wconf 67' lang='grc' dir='ltr'><strong>κτλ).</strong></span> <span class='ocrx_word' id='word_1_386' title='bbox 1682 4452 1755 4506; x_wconf 88' lang='lat' dir='ltr'>Et</span> <span class='ocrx_word' id='word_1_387' title='bbox 1790 4453 1895 4508; x_wconf 86' lang='lat' dir='ltr'>hoc</span> <span class='ocrx_word' id='word_1_388' title='bbox 1931 4452 2173 4521; x_wconf 81' lang='lat' dir='ltr'>endyma</span> <span class='ocrx_word' id='word_1_389' title='bbox 2206 4456 2394 4508; x_wconf 83' lang='lat' dir='ltr'>autem</span> <span class='ocrx_word' id='word_1_390' title='bbox 2431 4454 2584 4509; x_wconf 88' lang='lat' dir='ltr'>domi</span> <span class='ocrx_word' id='word_1_391' title='bbox 2621 4458 2844 4510; x_wconf 86' lang='lat' dir='ltr'>tantum</span> <span class='ocrx_word' id='word_1_392' title='bbox 2878 4458 3163 4526; x_wconf 84' lang='lat' dir='ltr'>gestatum</span> 
     </span>
     <span class='ocr_line' id='line_1_40' title="bbox 478 4535 3163 4612; baseline 0.001 -19"><span class='ocrx_word' id='word_1_393' title='bbox 478 4541 848 4610; x_wconf 85' lang='lat' dir='ltr'>putaverunt:</span> <span class='ocrx_word' id='word_1_394' title='bbox 893 4537 1044 4607; x_wconf 87' lang='lat' dir='ltr'>quod</span> <span class='ocrx_word' id='word_1_395' title='bbox 1091 4538 1239 4592; x_wconf 85' lang='lat' dir='ltr'>idem</span> <span class='ocrx_word' id='word_1_396' title='bbox 1283 4537 1354 4592; x_wconf 89' lang='lat' dir='ltr'>de</span> <span class='ocrx_word' id='word_1_397' title='bbox 1399 4535 1763 4607; x_wconf 83' lang='lat' dir='ltr'>epigonatide</span> <span class='ocrx_word' id='word_1_398' title='bbox 1813 4538 1999 4594; x_wconf 83' lang='lat' dir='ltr'>valere</span> <span class='ocrx_word' id='word_1_399' title='bbox 2053 4538 2381 4609; x_wconf 86' lang='lat' dir='ltr'>credebant,</span> <span class='ocrx_word' id='word_1_400' title='bbox 2436 4540 2558 4609; x_wconf 88' lang='lat' dir='ltr'>ipsa</span> <span class='ocrx_word' id='word_1_401' title='bbox 2612 4558 2834 4611; x_wconf 86' lang='lat' dir='ltr'>quoque</span> <span class='ocrx_word' id='word_1_402' title='bbox 2880 4541 3163 4612; x_wconf 87' lang='lat' dir='ltr'>superiore</span> 
     </span>
     <span class='ocr_line' id='line_1_41' title="bbox 478 4623 3161 4696; baseline -0 -16"><span class='ocrx_word' id='word_1_403' title='bbox 478 4626 706 4682; x_wconf 70' lang='lat' dir='ltr'>chit-one</span> <span class='ocrx_word' id='word_1_404' title='bbox 754 4624 1023 4679; x_wconf 76' lang='lat' dir='ltr'>breviore.</span> <span class='ocrx_word' id='word_1_405' title='bbox 1073 4654 1137 4663; x_wconf 95' lang='lat'>—</span> <span class='ocrx_word' id='word_1_406' title='bbox 1188 4624 1347 4690; x_wconf 82' lang='lat' dir='ltr'>Quod</span> <span class='ocrx_word' id='word_1_407' title='bbox 1395 4641 1526 4679; x_wconf 86' lang='lat' dir='ltr'>vero</span> <span class='ocrx_word' id='word_1_408' title='bbox 1578 4623 1731 4695; x_wconf 85' lang='lat' dir='ltr'>apud</span> <span class='ocrx_word' id='word_1_409' title='bbox 1783 4624 2122 4679; x_wconf 79' lang='lat' dir='ltr'>Pausaniam</span> <span class='ocrx_word' id='word_1_410' title='bbox 2169 4625 2403 4695; x_wconf 84' lang='lat' dir='ltr'>legitur:</span> <span class='ocrx_word' id='word_1_411' title='bbox 2464 4625 2531 4678; x_wconf 77' lang='grc' dir='ltr'><strong><em>ὃν</em></strong></span> <span class='ocrx_word' id='word_1_412' title='bbox 2576 4625 2806 4680; x_wconf 75' lang='grc' dir='ltr'><strong><em>ἔνδοθεν</em></strong></span> <span class='ocrx_word' id='word_1_413' title='bbox 2856 4626 3161 4696; x_wconf 77' lang='grc' dir='ltr'><strong><em>ἐνδύονται,</em></strong></span> 
     </span>
     <span class='ocr_line' id='line_1_42' title="bbox 480 4699 3162 4783; baseline -0 -17"><span class='ocrx_word' id='word_1_414' title='bbox 480 4699 625 4766; x_wconf 78' lang='grc' dir='ltr'>εἶτα</span> <span class='ocrx_word' id='word_1_415' title='bbox 660 4713 737 4767; x_wconf 79' lang='grc' dir='ltr'>τό</span> <span class='ocrx_word' id='word_1_416' title='bbox 772 4709 1031 4779; x_wconf 76' lang='grc' dir='ltr'><strong><em>ἔνδυμα</em></strong></span> <span class='ocrx_word' id='word_1_417' title='bbox 1073 4712 1187 4765; x_wconf 84' lang='lat' dir='ltr'>fere</span> <span class='ocrx_word' id='word_1_418' title='bbox 1222 4709 1617 4781; x_wconf 86' lang='lat' dir='ltr'>spoponderim</span> <span class='ocrx_word' id='word_1_419' title='bbox 1653 4710 2102 4767; x_wconf 79' lang='lat' dir='ltr'>additamentum</span> <span class='ocrx_word' id='word_1_420' title='bbox 2146 4729 2265 4767; x_wconf 87' lang='lat' dir='ltr'>esse</span> <span class='ocrx_word' id='word_1_421' title='bbox 2300 4712 2585 4767; x_wconf 84' lang='lat' dir='ltr'>Eustathii</span> <span class='ocrx_word' id='word_1_422' title='bbox 2621 4714 2882 4783; x_wconf 84' lang='lat' dir='ltr'>reputato</span> <span class='ocrx_word' id='word_1_423' title='bbox 2920 4715 2979 4766; x_wconf 88' lang='lat' dir='ltr'>et</span> <span class='ocrx_word' id='word_1_424' title='bbox 3013 4713 3162 4767; x_wconf 80' lang='lat' dir='ltr'>vocis</span> 
     </span>
     <span class='ocr_line' id='line_1_43' title="bbox 479 4794 1926 4852; baseline 0.002 -3"><span class='ocrx_word' id='word_1_425' title='bbox 479 4795 640 4850; x_wconf 71' lang='grc' dir='ltr'><strong><em>ἔνδον</em></strong></span> <span class='ocrx_word' id='word_1_426' title='bbox 675 4814 780 4851; x_wconf 85' lang='lat' dir='ltr'>usu</span> <span class='ocrx_word' id='word_1_427' title='bbox 819 4797 876 4850; x_wconf 76' lang='lat' dir='ltr'>et</span> <span class='ocrx_word' id='word_1_428' title='bbox 912 4797 1116 4850; x_wconf 81' lang='lat' dir='ltr'>collato</span> <span class='ocrx_word' id='word_1_429' title='bbox 1151 4796 1249 4851; x_wconf 90' lang='lat' dir='ltr'>illo</span> <span class='ocrx_word' id='word_1_430' title='bbox 1286 4794 1518 4851; x_wconf 74' lang='grc' dir='ltr'><strong><em>ἔνδοθεν</em></strong></span> <span class='ocrx_word' id='word_1_431' title='bbox 1553 4798 1926 4852; x_wconf 75' lang='grc' dir='ltr'><strong><em>ἐπενδύονται.</em></strong></span> 
     </span>
    </p>
   </div>
  </div>
 </body>
</html>
