3875 5392
549 524 715 588 Tum
760 525 1039 589 vicinus:

583 638 801 700 v.333

547 634 570 719 (
805 635 829 721 )
974 715 1059 789 τὸ
1107 714 1171 788 δ’
1225 718 1558 806 ἱμάτιόν
1603 743 1752 790 σου
1798 724 1959 790 ποῦ
2004 725 2239 805 ’στινς
2290 736 2298 740 “

546 833 904 920 respondet
947 834 1307 921 Blepyrus:

546 947 635 1028 (v.
672 945 826 1030 333)
1838 1025 1857 1051 '
1957 1027 1994 1054 ν
2240 1025 2257 1051 Ι

1788 1057 1907 1099 ουκ
1949 1058 2075 1116 εχω
2122 1054 2393 1120 φρασαι,

974 1141 1179 1228 ζητῶν
1224 1138 1346 1229 γὰρ
1392 1136 1539 1208 αἴτ’
1591 1136 1708 1226 οὐχ
1750 1130 1935 1230 εὖρον
1979 1141 2045 1209 ἐν
2086 1147 2230 1223 τοῖς
2274 1139 2666 1229 στρώμασιν.

545 1277 606 1321 ν.
641 1258 766 1319 372
811 1253 1126 1320 Chremes
1173 1276 1259 1320 ex
1303 1255 1590 1320 ecclesia
1634 1255 1896 1320 rediens
1942 1256 2186 1341 prodit:
2234 1256 2593 1343 Blepyrum
2637 1256 2998 1322 miserrime
3043 1256 3229 1321 labo-

545 1374 798 1433 rantem
847 1366 1135 1448 (cfr.·vv.
1169 1369 1287 1431 361
1315 1388 1409 1453 sq.
1459 1368 1720 1453 369sq.)
1771 1369 2119 1455 conspicit,
2167 1369 2458 1456 appellat
2504 1389 2653 1433 eum
2699 1369 2785 1451 (v.
2821 1368 2972 1453 372)
3021 1355 3227 1449 οὗτος,

544 1475 612 1544 τί
655 1482 906 1563 ποιεῖςς
951 1470 1030 1545 οὔ
1071 1472 1141 1543 τί
1184 1500 1319 1544 που
1361 1474 1596 1560 χέζειςς
1642 1477 1793 1544 dein
1837 1480 2151 1545 miratus:

552 1589 641 1675 (γ’
677 1589 831 1677 374)
976 1668 1066 1741 τό
1120 1676 1260 1764 τῆς
1314 1670 1684 1761 γυναικὸς
1739 1676 1808 1741 δ’
1863 1669 2220 1760 ἀμπέχει
2272 1673 2689 1761 χιτώνιονῗ

548 1795 615 1855 et
658 1793 873 1854 astute
920 1786 1275 1874 Blepyrus:

547 1903 638 1987 (v.
674 1897 828 1986 375)
2353 1962 2366 1969 -

978 1982 1047 2050 ἕν
1088 1988 1184 2073 τῷ
1229 1979 1445 2072 σκότῳ
1488 1979 1612 2072 γὰρ
1654 1977 1826 2051 τοῦτ’
1878 1979 2102 2067 ἔτυχον
2147 1981 2330 2051 ἔνδον
2373 1978 2609 2071 λαβών.

546 2116 713 2180 Tum
758 2116 870 2181 ille
918 2121 1176 2195 narrat,
1241 2135 1436 2201 quam
1490 2115 1655 2179 mira
1713 2114 1910 2180 fuerit
1955 2116 2268 2197 ecclesia,
2329 2121 2397 2180 et
2443 2135 2639 2201 quam
2685 2116 3043 2201 singularia
3087 2117 3227 2202 pla-

546 2229 800 2294 cuerint
845 2228 1103 2293 senatui
1153 2227 1527 2313 populoque
1571 2226 2079 2292 Atheniensium
2133 2225 2369 2312 (usque
2415 2226 2499 2292 ad
2548 2248 2715 2294 vers.
2763 2226 2938 2312 476).
3034 2227 3226 2292 Post-

547 2361 740 2425 quam
786 2340 1035 2420 exiere,
1083 2338 1319 2405 chorus
1367 2340 1715 2404 mulierum
1762 2338 1950 2421 redit,
2000 2339 2320 2424 parodum
2367 2345 2608 2420 cantat,
2658 2360 2805 2403 cum
2848 2339 3229 2425 Praxagora

544 2471 758 2538 pauca
804 2450 1126 2538 quaedam
1170 2452 1376 2517 verba
1421 2456 1778 2517 commutat
1824 2450 1911 2537 (v.
1956 2451 2370 2536 478—519).
2470 2450 2594 2516 Cui
2655 2449 2912 2515 domum
2962 2450 3228 2515 intranti

544 2563 813 2628 maritus
846 2563 1107 2629 obviam
1139 2564 1321 2628 venit
1352 2563 1910 2649 acerbissimeque
1942 2563 2011 2626 in
2045 2582 2190 2627 eam
2219 2563 2518 2627 invectus
2551 2600 2634 2611 —-
2666 2562 3020 2649 pessimum
3053 2562 3227 2627 enim

544 2675 843 2762 quodque
904 2676 1310 2761 suspicatur,
1368 2710 1451 2720 —-
1508 2674 1798 2759 quaerit,
1860 2673 2128 2738 ubinam
2184 2671 2419 2737 fuerit?
2508 2674 2783 2740 Amicae
2842 2674 3228 2761 parturienti

545 2808 694 2852 sese
740 2786 1129 2851 subvenisse
1177 2785 1292 2849 illa
1339 2783 1714 2870 respondet.
1805 2782 1972 2848 Tum
2017 2783 2377 2870 Blepyrus:

549 2898 636 2983 (v.
669 2896 820 2984 535)

972 2975 1084 3049 εἶτ’
1138 2974 1212 3048 οὗ
1257 2977 1336 3048 τὸ
1382 2982 1628 3069 σαυτῆς
1673 2974 1937 3063 ἱμάτιον
1984 2978 2173 3069 ἐχρῆν
2217 2972 2272 3046 o'
2324 2976 2521 3063 ἔχεινς

974 3086 1144 3161 ἄλλ’
1196 3085 1313 3178 ἔμ’
1367 3085 1851 3176 ἆποδύσασ’,
1900 3090 2406 3178 ἐπιβαλοῦσα
2447 3086 2968 3180 τοῦγκυκλον,

973 3200 1144 3296 ᾤχου
1188 3198 1620 3272 masters-050²
1673 3198 1958 3292 ὡσπερεὶ
2003 3202 2449 3291 προκείμενον,

969 3315 1168 3404 μόνον
1210 3313 1288 3385 οὗ
1332 3310 1787 3406 στεφανώσασ’
1839 3310 1983 3384 οὐδ’
2037 3316 2359 3385 ἐπιθεῖσα
2402 3313 2709 3408 λήκυθον.

541 3433 634 3498 At
676 3455 808 3498 non
852 3432 1110 3497 laborat
1153 3432 1384 3498 sollers
1430 3432 1815 3518 Praxagora
1856 3431 1939 3497 de
1989 3432 2449 3501 excusatione:

543 3544 637 3631 (V.
665 3541 819 3630 539)
972 3632 1183 3717 ψῦχος
1222 3624 1345 3717 γὰρ
1387 3618 1485 3718 ἦν,
1533 3624 1657 3716 ἐγὼ
1702 3630 1774 3697 δε
1817 3624 2026 3718 λεπτὴ
2073 3621 2421 3717 κάσθενής.

971 3744 1106 3810 κτλ.

712 3872 815 3938 En
863 3874 1116 3956 omnia,
1180 3893 1346 3959 quae
1407 3872 1488 3938 ad
1544 3871 2003 3959 diploidiorum
2061 3872 2335 3936 formam
2395 3870 2914 3957 cognoscendam
2959 3870 3221 3938 fortuna

542 3985 732 4050 nobis
781 3986 1129 4052 concessit.

715 4114 900 4189 Quae
946 4116 1320 4203 priusquam
1364 4123 1740 4197 tractamus,
1788 4136 1824 4180 e
1871 4136 1943 4180 re
1992 4135 2137 4180 esse
2182 4112 2438 4178 videtur
2483 4111 2875 4178 examinatis
2916 4113 2996 4178 iis
3037 4114 3218 4193 lociS‚

537 4229 604 4292 in
651 4229 885 4314 quibus
930 4230 1184 4314 encycli
1229 4251 1290 4294 v.
1326 4232 1450 4294 536
1498 4227 1986 4293 commemorati
2040 4226 2280 4291 mentio
2324 4226 2423 4304 fit,
2483 4225 2866 4289 confirmare
2924 4224 2989 4289 id
3047 4225 3221 4310 quod

539 4339 694 4404 licet
739 4340 1068 4426 plerisque
1116 4340 1358 4405 dudum
1403 4340 1748 4425 probatum
1795 4339 1901 4420 sit,
1948 4343 2167 4403 tamen
2211 4358 2344 4402 non
2390 4335 2691 4401 omnibus
2739 4337 2896 4400 satis
2943 4342 3220 4419 constat,

541 4450 791 4515 scilicet
856 4445 1156 4537 ἔγκυκλον
1222 4473 1370 4517 esse
1428 4450 1740 4515 himation
1808 4448 2154 4535 quoddam.
2267 4447 2456 4522 Quod
2514 4447 2866 4512 verisimile
2925 4446 3221 4513 redditur

540 4561 803 4627 Thesm.
848 4583 910 4627 V.
957 4565 1081 4628 499
1105 4584 1199 4649 sq.
1253 4563 1321 4626 in
1384 4561 1616 4646 quibus
1673 4559 2099 4640 describitur,
2169 4557 2490 4645 quomodo
2557 4557 2795 4623 mulier
2861 4558 3118 4623 moechi
3180 4580 3217 4625 e

538 4672 830 4738 conclavi
895 4672 1218 4739 elabentis
1282 4673 1508 4758 fugam
1573 4693 1647 4736 eo
1719 4672 1991 4752 texerit,
2067 4676 2141 4734 ut
2204 4670 2345 4735 viro
2405 4660 2515 4734 ὑπ’
2577 4659 2784 4754 αὐγὰς
2852 4667 3219 4735 ostenderit

541 4785 882 4871 encyclum
901 4809 914 4850 :
