<?xml version="1.0" encoding="UTF-8"?>
<!DOCTYPE html PUBLIC "-//W3C//DTD XHTML 1.0 Transitional//EN"
    "http://www.w3.org/TR/xhtml1/DTD/xhtml1-transitional.dtd">
<html xmlns="http://www.w3.org/1999/xhtml" xml:lang="en" lang="en">
 <head>
  <title>
</title>
<meta http-equiv="Content-Type" content="text/html;charset=utf-8" />
  <meta name='ocr-system' content='tesseract 3.04.00' />
  <meta name='ocr-capabilities' content='ocr_page ocr_carea ocr_par ocr_line ocrx_word'/>
</head>
<body>
  <div class='ocr_page' id='page_1' title='image "./quaestionumdere01boehgoog_0040.png"; bbox 0 0 3875 5392; ppageno 0'>
   <div class='ocr_carea' id='block_1_1' title="bbox 1824 336 2252 398">
    <p class='ocr_par' dir='ltr' id='par_1_1' title="bbox 1824 336 2252 398">
     <span class='ocr_line' id='line_1_1' title="bbox 1824 336 2252 398; baseline -0.009 -13"><span class='ocrx_word' id='word_1_1' title='bbox 1824 336 2252 398; x_wconf 41' lang='lat'>*32*</span> 
     </span>
    </p>
   </div>
   <div class='ocr_carea' id='block_1_2' title="bbox 687 521 3382 4525">
    <p class='ocr_par' dir='ltr' id='par_1_2' title="bbox 687 521 3382 4525">
     <span class='ocr_line' id='line_1_2' title="bbox 740 521 3381 613; baseline -0.001 -24"><span class='ocrx_word' id='word_1_2' title='bbox 740 549 750 557; x_wconf 92' lang='lat'><em>·</em></span> <span class='ocrx_word' id='word_1_3' title='bbox 816 530 822 537; x_wconf 81' lang='grc'><strong>”</strong></span> <span class='ocrx_word' id='word_1_4' title='bbox 868 524 1009 589; x_wconf 85' lang='lat' dir='ltr'>Iam</span> <span class='ocrx_word' id='word_1_5' title='bbox 1044 524 1439 590; x_wconf 81' lang='lat' dir='ltr'>indumentis</span> <span class='ocrx_word' id='word_1_6' title='bbox 1472 525 1771 613; x_wconf 80' lang='lat' dir='ltr'>tractatis</span> <span class='ocrx_word' id='word_1_7' title='bbox 1804 528 2214 589; x_wconf 74' lang='lat' dir='ltr'>transeamus</span> <span class='ocrx_word' id='word_1_8' title='bbox 2245 523 2793 609; x_wconf 75' lang='lat' dir='ltr'>ad‘perible&#39;mata</span> <span class='ocrx_word' id='word_1_9' title='bbox 2822 521 3048 587; x_wconf 87' lang='lat' dir='ltr'>Dorici</span> <span class='ocrx_word' id='word_1_10' title='bbox 3081 523 3381 601; x_wconf 85' lang='lat' dir='ltr'>vestitus,</span> 
     </span>
     <span class='ocr_line' id='line_1_3' title="bbox 699 634 3382 724; baseline -0.001 -21"><span class='ocrx_word' id='word_1_11' title='bbox 699 637 1087 724; x_wconf 56' lang='lat' dir='ltr'>sijchitoni&#39;s</span> <span class='ocrx_word' id='word_1_12' title='bbox 1133 658 1373 702; x_wconf 91' lang='lat' dir='ltr'>nomen</span> <span class='ocrx_word' id='word_1_13' title='bbox 1416 639 1485 701; x_wconf 91' lang='lat' dir='ltr'>in</span> <span class='ocrx_word' id='word_1_14' title='bbox 1550 643 1761 701; x_wconf 80' lang='lat' dir='ltr'>totuin</span> <span class='ocrx_word' id='word_1_15' title='bbox 1806 638 2120 701; x_wconf 66' lang='lat' dir='ltr'>vestitum</span> <span class='ocrx_word' id='word_1_16' title='bbox 2169 635 2529 701; x_wconf 79' lang='lat' dir='ltr'>extendere</span> <span class='ocrx_word' id='word_1_17' title='bbox 2575 636 2752 700; x_wconf 90' lang='lat' dir='ltr'>licet.</span> <span class='ocrx_word' id='word_1_18' title='bbox 2844 634 2943 717; x_wconf 82' lang='lat' dir='ltr'>Ac</span> <span class='ocrx_word' id='word_1_19' title='bbox 2990 656 3382 722; x_wconf 87' lang='lat' dir='ltr'>quamquam</span> 
     </span>
     <span class='ocr_line' id='line_1_4' title="bbox 694 747 3382 833; baseline -0.001 -21"><span class='ocrx_word' id='word_1_20' title='bbox 694 754 827 813; x_wconf 87' lang='lat' dir='ltr'>non</span> <span class='ocrx_word' id='word_1_21' title='bbox 847 754 921 813; x_wconf 90' lang='lat' dir='ltr'>ut</span> <span class='ocrx_word' id='word_1_22' title='bbox 948 748 1243 815; x_wconf 88' lang='lat' dir='ltr'>chitones</span> <span class='ocrx_word' id='word_1_23' title='bbox 1271 750 1362 813; x_wconf 87' lang='lat' dir='ltr'>sic</span> <span class='ocrx_word' id='word_1_24' title='bbox 1388 750 1593 814; x_wconf 79' lang='lat' dir='ltr'>etia‘m</span> <span class='ocrx_word' id='word_1_25' title='bbox 1619 749 1891 813; x_wconf 83' lang='lat' dir='ltr'>himatia</span> <span class='ocrx_word' id='word_1_26' title='bbox 1912 747 2159 813; x_wconf 83' lang='lat' dir='ltr'>Dorica</span> <span class='ocrx_word' id='word_1_27' title='bbox 2184 754 2249 814; x_wconf 92' lang='lat' dir='ltr'>et</span> <span class='ocrx_word' id='word_1_28' title='bbox 2269 747 2497 812; x_wconf 91' lang='lat' dir='ltr'>Ionica</span> <span class='ocrx_word' id='word_1_29' title='bbox 2522 747 2810 812; x_wconf 83' lang='lat' dir='ltr'>discerni</span> <span class='ocrx_word' id='word_1_30' title='bbox 2834 754 3132 833; x_wconf 80' lang='lat' dir='ltr'>possunt,</span> <span class='ocrx_word' id='word_1_31' title='bbox 3160 753 3382 812; x_wconf 89' lang='lat' dir='ltr'>tamen</span> 
     </span>
     <span class='ocr_line' id='line_1_5' title="bbox 694 859 3379 950; baseline -0.001 -26"><span class='ocrx_word' id='word_1_32' title='bbox 694 859 895 924; x_wconf 80' lang='lat' dir='ltr'>habet</span> <span class='ocrx_word' id='word_1_33' title='bbox 938 859 1221 925; x_wconf 82' lang='lat' dir='ltr'>Doricus</span> <span class='ocrx_word' id='word_1_34' title='bbox 1283 861 1789 925; x_wconf 72' lang='lat' dir='ltr'>certe‘vestitus‘.</span> <span class='ocrx_word' id='word_1_35' title='bbox 1827 861 2187 950; x_wconf 86' lang='lat' dir='ltr'>periblema</span> <span class='ocrx_word' id='word_1_36' title='bbox 2232 859 2592 946; x_wconf 83' lang='lat' dir='ltr'><strong>quoddam,</strong></span> <span class='ocrx_word' id='word_1_37' title='bbox 2640 859 2813 945; x_wconf 87' lang='lat' dir='ltr'>quod</span> <span class='ocrx_word' id='word_1_38' title='bbox 2860 859 3000 924; x_wconf 90' lang='lat' dir='ltr'>eius</span> <span class='ocrx_word' id='word_1_39' title='bbox 3043 859 3379 946; x_wconf 87' lang='lat' dir='ltr'>proprium</span> 
     </span>
     <span class='ocr_line' id='line_1_6' title="bbox 696 970 3380 1059; baseline 0 -24"><span class='ocrx_word' id='word_1_40' title='bbox 696 972 800 1051; x_wconf 88' lang='lat' dir='ltr'>sit,</span> <span class='ocrx_word' id='word_1_41' title='bbox 844 978 911 1036; x_wconf 90' lang='lat' dir='ltr'>et</span> <span class='ocrx_word' id='word_1_42' title='bbox 955 972 1123 1057; x_wconf 91' lang='lat' dir='ltr'>quod</span> <span class='ocrx_word' id='word_1_43' title='bbox 1161 971 1381 1037; x_wconf 89' lang='lat' dir='ltr'>lonico</span> <span class='ocrx_word' id='word_1_44' title='bbox 1411 972 1673 1038; x_wconf 89' lang='lat' dir='ltr'>chitone</span> <span class='ocrx_word' id='word_1_45' title='bbox 1722 978 1989 1059; x_wconf 89' lang='lat' dir='ltr'>recepto</span> <span class='ocrx_word' id='word_1_46' title='bbox 2028 974 2368 1059; x_wconf 82' lang='lat' dir='ltr'>paullatim</span> <span class='ocrx_word' id='word_1_47' title='bbox 2413 993 2499 1037; x_wconf 81' lang='lat' dir='ltr'>ex</span> <span class='ocrx_word' id='word_1_48' title='bbox 2530 993 2653 1037; x_wconf 89' lang='lat' dir='ltr'>usu</span> <span class='ocrx_word' id='word_1_49' title='bbox 2695 971 2896 1036; x_wconf 88' lang='lat' dir='ltr'>venit.</span> <span class='ocrx_word' id='word_1_50' title='bbox 2959 971 3129 1037; x_wconf 87' lang='lat' dir='ltr'>Nam</span> <span class='ocrx_word' id='word_1_51' title='bbox 3169 970 3380 1057; x_wconf 87' lang='lat' dir='ltr'>quoad</span> 
     </span>
     <span class='ocr_line' id='line_1_7' title="bbox 1295 1082 3379 1168; baseline 0 -22"><span class='ocrx_word' id='word_1_52' title='bbox 1295 1083 1406 1149; x_wconf 91' lang='lat' dir='ltr'>ille</span> <span class='ocrx_word' id='word_1_53' title='bbox 1454 1106 1620 1150; x_wconf 90' lang='lat' dir='ltr'>unus</span> <span class='ocrx_word' id='word_1_54' title='bbox 1669 1085 1733 1148; x_wconf 93' lang='lat' dir='ltr'>in</span> <span class='ocrx_word' id='word_1_55' title='bbox 1778 1106 1902 1149; x_wconf 88' lang='lat' dir='ltr'>usu</span> <span class='ocrx_word' id='word_1_56' title='bbox 1950 1090 2079 1165; x_wconf 90' lang='lat' dir='ltr'>est,</span> <span class='ocrx_word' id='word_1_57' title='bbox 2124 1084 2435 1149; x_wconf 88' lang='lat' dir='ltr'>himation</span> <span class='ocrx_word' id='word_1_58' title='bbox 2484 1106 2524 1148; x_wconf 89' lang='lat' dir='ltr'>a</span> <span class='ocrx_word' id='word_1_59' title='bbox 2570 1091 2756 1168; x_wconf 84' lang='lat' dir='ltr'>tergo</span> <span class='ocrx_word' id='word_1_60' title='bbox 2801 1084 3062 1168; x_wconf 89' lang='lat' dir='ltr'>utrique</span> <span class='ocrx_word' id='word_1_61' title='bbox 3106 1082 3379 1147; x_wconf 88' lang='lat' dir='ltr'>humero</span> 
     </span>
     <span class='ocr_line' id='line_1_8' title="bbox 1294 1193 3380 1282; baseline 0 -24"><span class='ocrx_word' id='word_1_62' title='bbox 1294 1195 1593 1278; x_wconf 87' lang='lat' dir='ltr'>iniciunt,</span> <span class='ocrx_word' id='word_1_63' title='bbox 1650 1197 1743 1262; x_wconf 89' lang='lat' dir='ltr'>ita</span> <span class='ocrx_word' id='word_1_64' title='bbox 1787 1202 1860 1261; x_wconf 91' lang='lat' dir='ltr'>ut</span> <span class='ocrx_word' id='word_1_65' title='bbox 1905 1198 1989 1262; x_wconf 87' lang='lat' dir='ltr'>ab</span> <span class='ocrx_word' id='word_1_66' title='bbox 2036 1199 2313 1282; x_wconf 86' lang='lat' dir='ltr'>utroque</span> <span class='ocrx_word' id='word_1_67' title='bbox 2360 1195 2600 1261; x_wconf 85' lang='lat' dir='ltr'>lacinia</span> <span class='ocrx_word' id='word_1_68' title='bbox 2643 1195 2839 1260; x_wconf 90' lang='lat' dir='ltr'>modo</span> <span class='ocrx_word' id='word_1_69' title='bbox 2884 1195 3143 1281; x_wconf 84' lang='lat' dir='ltr'>longior</span> <span class='ocrx_word' id='word_1_70' title='bbox 3185 1193 3380 1260; x_wconf 87' lang='lat' dir='ltr'>modo</span> 
     </span>
     <span class='ocr_line' id='line_1_9' title="bbox 1292 1306 3379 1395; baseline -0.001 -24"><span class='ocrx_word' id='word_1_71' title='bbox 1292 1306 1554 1372; x_wconf 90' lang='lat' dir='ltr'>brevior</span> <span class='ocrx_word' id='word_1_72' title='bbox 1596 1308 1663 1372; x_wconf 90' lang='lat' dir='ltr'>in</span> <span class='ocrx_word' id='word_1_73' title='bbox 1711 1309 1992 1373; x_wconf 81' lang='lat' dir='ltr'>anticam</span> <span class='ocrx_word' id='word_1_74' title='bbox 2030 1309 2319 1395; x_wconf 88' lang='lat' dir='ltr'>corporis</span> <span class='ocrx_word' id='word_1_75' title='bbox 2367 1314 2619 1395; x_wconf 89' lang='lat' dir='ltr'>partem</span> <span class='ocrx_word' id='word_1_76' title='bbox 2651 1306 3041 1393; x_wconf 78' lang='lat' dir='ltr'>dependeat,</span> <span class='ocrx_word' id='word_1_77' title='bbox 3090 1313 3379 1372; x_wconf 90' lang='lat' dir='ltr'>ceterum</span> 
     </span>
     <span class='ocr_line' id='line_1_10' title="bbox 1291 1417 3380 1507; baseline -0.002 -24"><span class='ocrx_word' id='word_1_78' title='bbox 1291 1420 1608 1485; x_wconf 87' lang='lat' dir='ltr'>himation</span> <span class='ocrx_word' id='word_1_79' title='bbox 1639 1422 1706 1485; x_wconf 91' lang='lat' dir='ltr'>in</span> <span class='ocrx_word' id='word_1_80' title='bbox 1738 1421 1991 1507; x_wconf 90' lang='lat' dir='ltr'>postica</span> <span class='ocrx_word' id='word_1_81' title='bbox 2023 1420 2104 1485; x_wconf 88' lang='lat' dir='ltr'>ad</span> <span class='ocrx_word' id='word_1_82' title='bbox 2139 1442 2326 1484; x_wconf 85' lang='lat' dir='ltr'>crura</span> <span class='ocrx_word' id='word_1_83' title='bbox 2357 1441 2565 1505; x_wconf 88' lang='lat' dir='ltr'>usque</span> <span class='ocrx_word' id='word_1_84' title='bbox 2597 1419 2861 1485; x_wconf 87' lang='lat' dir='ltr'>defluat.</span> <span class='ocrx_word' id='word_1_85' title='bbox 2909 1417 3185 1503; x_wconf 87' lang='lat' dir='ltr'>(Videas</span> <span class='ocrx_word' id='word_1_86' title='bbox 3215 1418 3318 1498; x_wconf 73' lang='lat' dir='ltr'>fiq.</span> <span class='ocrx_word' id='word_1_87' title='bbox 3339 1419 3380 1477; x_wconf 81' lang='lat'><em>9</em></span> 
     </span>
     <span class='ocr_line' id='line_1_11' title="bbox 1294 1529 3379 1618; baseline -0.001 -23"><span class='ocrx_word' id='word_1_88' title='bbox 1294 1533 1566 1615; x_wconf 87' lang='lat' dir='ltr'>petitam</span> <span class='ocrx_word' id='word_1_89' title='bbox 1598 1553 1746 1596; x_wconf 87' lang='lat' dir='ltr'>eam</span> <span class='ocrx_word' id='word_1_90' title='bbox 1771 1554 1855 1597; x_wconf 84' lang='lat' dir='ltr'>ex</span> <span class='ocrx_word' id='word_1_91' title='bbox 1878 1532 2337 1618; x_wconf 82' lang='lat' dir='ltr'>Heydemann.</span> <span class='ocrx_word' id='word_1_92' title='bbox 2370 1530 2618 1596; x_wconf 77' lang='lat' dir='ltr'>Griech.</span> <span class='ocrx_word' id='word_1_93' title='bbox 2653 1529 2838 1595; x_wconf 84' lang='lat' dir='ltr'>V.-B.</span> <span class='ocrx_word' id='word_1_94' title='bbox 2865 1536 2908 1595; x_wconf 93' lang='lat' dir='ltr'>t.</span> <span class='ocrx_word' id='word_1_95' title='bbox 2933 1533 2992 1594; x_wconf 83' lang='lat'>6.</span> <span class='ocrx_word' id='word_1_96' title='bbox 3019 1531 3106 1613; x_wconf 89' lang='lat'>4.)</span> <span class='ocrx_word' id='word_1_97' title='bbox 3153 1529 3379 1593; x_wconf 92' lang='lat' dir='ltr'>Ionico</span> 
     </span>
     <span class='ocr_line' id='line_1_12' title="bbox 1294 1642 3378 1729; baseline -0.001 -22"><span class='ocrx_word' id='word_1_98' title='bbox 1294 1650 1513 1708; x_wconf 85' lang='lat' dir='ltr'>autem</span> <span class='ocrx_word' id='word_1_99' title='bbox 1572 1644 1832 1709; x_wconf 87' lang='lat' dir='ltr'>chitone</span> <span class='ocrx_word' id='word_1_100' title='bbox 1888 1645 2030 1729; x_wconf 88' lang='lat' dir='ltr'>geri</span> <span class='ocrx_word' id='word_1_101' title='bbox 2089 1642 2444 1729; x_wconf 82' lang='lat' dir='ltr'>incipiente</span> <span class='ocrx_word' id='word_1_102' title='bbox 2498 1643 2813 1709; x_wconf 90' lang='lat' dir='ltr'>himation</span> <span class='ocrx_word' id='word_1_103' title='bbox 2869 1645 3060 1707; x_wconf 87' lang='lat' dir='ltr'>laevo</span> <span class='ocrx_word' id='word_1_104' title='bbox 3105 1642 3378 1706; x_wconf 89' lang='lat' dir='ltr'>humero</span> 
     </span>
     <span class='ocr_line' id='line_1_13' title="bbox 1293 1753 3374 1843; baseline -0 -25"><span class='ocrx_word' id='word_1_105' title='bbox 1293 1756 1669 1842; x_wconf 86' lang='lat' dir='ltr'>impositum</span> <span class='ocrx_word' id='word_1_106' title='bbox 1716 1761 1784 1820; x_wconf 90' lang='lat' dir='ltr'>et</span> <span class='ocrx_word' id='word_1_107' title='bbox 1829 1756 1982 1821; x_wconf 87' lang='lat' dir='ltr'>dein</span> <span class='ocrx_word' id='word_1_108' title='bbox 2019 1755 2213 1820; x_wconf 88' lang='lat' dir='ltr'>modo</span> <span class='ocrx_word' id='word_1_109' title='bbox 2262 1755 2383 1820; x_wconf 91' lang='lat' dir='ltr'>sub</span> <span class='ocrx_word' id='word_1_110' title='bbox 2431 1755 2621 1820; x_wconf 91' lang='lat' dir='ltr'>modo</span> <span class='ocrx_word' id='word_1_111' title='bbox 2671 1776 2868 1843; x_wconf 89' lang='lat' dir='ltr'>super</span> <span class='ocrx_word' id='word_1_112' title='bbox 2899 1753 3206 1818; x_wconf 85' lang='lat' dir='ltr'>dextrum</span> <span class='ocrx_word' id='word_1_113' title='bbox 3253 1753 3374 1817; x_wconf 91' lang='lat' dir='ltr'>hu-</span> 
     </span>
     <span class='ocr_line' id='line_1_14' title="bbox 1292 1865 3375 1954; baseline -0.001 -25"><span class='ocrx_word' id='word_1_114' title='bbox 1292 1888 1543 1931; x_wconf 87' lang='lat' dir='ltr'>merum</span> <span class='ocrx_word' id='word_1_115' title='bbox 1602 1868 1776 1933; x_wconf 87' lang='lat' dir='ltr'>circa</span> <span class='ocrx_word' id='word_1_116' title='bbox 1837 1890 2071 1954; x_wconf 89' lang='lat' dir='ltr'>corpus</span> <span class='ocrx_word' id='word_1_117' title='bbox 2130 1866 2393 1939; x_wconf 85' lang='lat' dir='ltr'>ductum</span> <span class='ocrx_word' id='word_1_118' title='bbox 2455 1868 2645 1932; x_wconf 86' lang='lat' dir='ltr'>laevo</span> <span class='ocrx_word' id='word_1_119' title='bbox 2716 1887 2937 1931; x_wconf 86' lang='lat' dir='ltr'>rursus</span> <span class='ocrx_word' id='word_1_120' title='bbox 3003 1865 3375 1950; x_wconf 78' lang='lat' dir='ltr'>imponitur,</span> 
     </span>
     <span class='ocr_line' id='line_1_15' title="bbox 1288 1974 3371 2065; baseline -0.001 -24"><span class='ocrx_word' id='word_1_121' title='bbox 1288 1984 1442 2043; x_wconf 91' lang='lat' dir='ltr'>nota</span> <span class='ocrx_word' id='word_1_122' title='bbox 1473 1999 1642 2065; x_wconf 88' lang='lat' dir='ltr'>quae</span> <span class='ocrx_word' id='word_1_123' title='bbox 1690 1986 1792 2045; x_wconf 88' lang='lat' dir='ltr'>est</span> <span class='ocrx_word' id='word_1_124' title='bbox 1842 1987 1907 2045; x_wconf 86' lang='lat' dir='ltr'>et</span> <span class='ocrx_word' id='word_1_125' title='bbox 1930 1980 2281 2045; x_wconf 90' lang='lat' dir='ltr'>Hellenica</span> <span class='ocrx_word' id='word_1_126' title='bbox 2326 1979 2579 2044; x_wconf 86' lang='lat' dir='ltr'>himatii</span> <span class='ocrx_word' id='word_1_127' title='bbox 2610 1978 2884 2064; x_wconf 88' lang='lat' dir='ltr'>gerendi</span> <span class='ocrx_word' id='word_1_128' title='bbox 2929 1979 3114 2042; x_wconf 89' lang='lat' dir='ltr'>ratio.</span> <span class='ocrx_word' id='word_1_129' title='bbox 3184 1974 3371 2049; x_wconf 83' lang='lat' dir='ltr'>Quae</span> 
     </span>
     <span class='ocr_line' id='line_1_16' title="bbox 1291 2088 3378 2176; baseline -0.001 -23"><span class='ocrx_word' id='word_1_130' title='bbox 1291 2111 1435 2154; x_wconf 89' lang='lat' dir='ltr'>cum</span> <span class='ocrx_word' id='word_1_131' title='bbox 1510 2090 1846 2176; x_wconf 89' lang='lat' dir='ltr'>hucusque</span> <span class='ocrx_word' id='word_1_132' title='bbox 1911 2092 2064 2156; x_wconf 86' lang='lat' dir='ltr'>viris</span> <span class='ocrx_word' id='word_1_133' title='bbox 2132 2098 2386 2157; x_wconf 89' lang='lat' dir='ltr'>tantum</span> <span class='ocrx_word' id='word_1_134' title='bbox 2452 2091 2696 2156; x_wconf 87' lang='lat' dir='ltr'>decora</span> <span class='ocrx_word' id='word_1_135' title='bbox 2757 2091 2992 2155; x_wconf 81' lang='lat' dir='ltr'>fuisset</span> <span class='ocrx_word' id='word_1_136' title='bbox 3050 2088 3378 2175; x_wconf 83' lang='lat' dir='ltr'>(conferas</span> 
     </span>
     <span class='ocr_line' id='line_1_17' title="bbox 1289 2199 3375 2290; baseline -0 -25"><span class='ocrx_word' id='word_1_137' title='bbox 1289 2208 1551 2288; x_wconf 87' lang='lat' dir='ltr'>praeter</span> <span class='ocrx_word' id='word_1_138' title='bbox 1574 2204 1880 2289; x_wconf 82' lang='lat' dir='ltr'>exempla</span> <span class='ocrx_word' id='word_1_139' title='bbox 1902 2204 2071 2268; x_wconf 78' lang='lat' dir='ltr'>infra</span> <span class='ocrx_word' id='word_1_140' title='bbox 2094 2205 2296 2269; x_wconf 86' lang='lat' dir='ltr'>allata</span> <span class='ocrx_word' id='word_1_141' title='bbox 2328 2204 2640 2290; x_wconf 84' lang='lat' dir='ltr'>imprimis</span> <span class='ocrx_word' id='word_1_142' title='bbox 2677 2202 3015 2288; x_wconf 83' lang='lat' dir='ltr'>Glaucytis</span> <span class='ocrx_word' id='word_1_143' title='bbox 3049 2206 3116 2265; x_wconf 89' lang='lat' dir='ltr'>et</span> <span class='ocrx_word' id='word_1_144' title='bbox 3139 2199 3375 2264; x_wconf 90' lang='lat' dir='ltr'>Archi-</span> 
     </span>
     <span class='ocr_line' id='line_1_18' title="bbox 1287 2313 3378 2399; baseline -0 -23"><span class='ocrx_word' id='word_1_145' title='bbox 1287 2313 1405 2376; x_wconf 89' lang='lat' dir='ltr'>clis</span> <span class='ocrx_word' id='word_1_146' title='bbox 1438 2315 1712 2399; x_wconf 91' lang='lat' dir='ltr'>cylicem</span> <span class='ocrx_word' id='word_1_147' title='bbox 1756 2315 1856 2379; x_wconf 86' lang='lat' dir='ltr'>M.</span> <span class='ocrx_word' id='word_1_148' title='bbox 1882 2316 1943 2379; x_wconf 82' lang='lat' dir='ltr'>d.</span> <span class='ocrx_word' id='word_1_149' title='bbox 1969 2317 2024 2379; x_wconf 94' lang='grc' dir='ltr'>Ι.</span> <span class='ocrx_word' id='word_1_150' title='bbox 2062 2316 2180 2383; x_wconf 89' lang='lat' dir='ltr'>IV.</span> <span class='ocrx_word' id='word_1_151' title='bbox 2203 2322 2247 2380; x_wconf 94' lang='lat' dir='ltr'>t.</span> <span class='ocrx_word' id='word_1_152' title='bbox 2275 2320 2407 2398; x_wconf 83' lang='lat'>59),</span> <span class='ocrx_word' id='word_1_153' title='bbox 2445 2321 2599 2380; x_wconf 90' lang='lat' dir='ltr'>tunc</span> <span class='ocrx_word' id='word_1_154' title='bbox 2633 2337 2672 2379; x_wconf 91' lang='lat' dir='ltr'>a</span> <span class='ocrx_word' id='word_1_155' title='bbox 2705 2313 3087 2379; x_wconf 85' lang='lat' dir='ltr'>mulieribus</span> <span class='ocrx_word' id='word_1_156' title='bbox 3123 2332 3378 2398; x_wconf 89' lang='lat' dir='ltr'>quoque</span> 
     </span>
     <span class='ocr_line' id='line_1_19' title="bbox 1286 2425 3375 2512; baseline 0 -23"><span class='ocrx_word' id='word_1_157' title='bbox 1286 2431 1562 2512; x_wconf 89' lang='lat' dir='ltr'>accepta</span> <span class='ocrx_word' id='word_1_158' title='bbox 1607 2433 1730 2491; x_wconf 88' lang='lat' dir='ltr'>est.</span> <span class='ocrx_word' id='word_1_159' title='bbox 1801 2426 1993 2501; x_wconf 86' lang='lat' dir='ltr'>Quod</span> <span class='ocrx_word' id='word_1_160' title='bbox 2038 2433 2253 2492; x_wconf 86' lang='lat' dir='ltr'>utrum</span> <span class='ocrx_word' id='word_1_161' title='bbox 2303 2425 2654 2493; x_wconf 81' lang='lat' dir='ltr'>cohaereat</span> <span class='ocrx_word' id='word_1_162' title='bbox 2701 2448 2847 2491; x_wconf 91' lang='lat' dir='ltr'>cum</span> <span class='ocrx_word' id='word_1_163' title='bbox 2903 2426 3055 2491; x_wconf 88' lang='lat' dir='ltr'>novi</span> <span class='ocrx_word' id='word_1_164' title='bbox 3096 2425 3375 2491; x_wconf 90' lang='lat' dir='ltr'>chitonis</span> 
     </span>
     <span class='ocr_line' id='line_1_20' title="bbox 1287 2537 3377 2629; baseline 0.001 -29"><span class='ocrx_word' id='word_1_165' title='bbox 1287 2544 1538 2617; x_wconf 85' lang='lat' dir='ltr'>natura,</span> <span class='ocrx_word' id='word_1_166' title='bbox 1585 2539 1699 2603; x_wconf 85' lang='lat' dir='ltr'>vix</span> <span class='ocrx_word' id='word_1_167' title='bbox 1757 2537 1901 2612; x_wconf 76' lang='lat' dir='ltr'>dici</span> <span class='ocrx_word' id='word_1_168' title='bbox 1931 2545 2170 2629; x_wconf 87' lang='lat' dir='ltr'>potest.</span> <span class='ocrx_word' id='word_1_169' title='bbox 2264 2539 2530 2625; x_wconf 78' lang='lat' dir='ltr'>Cogites</span> <span class='ocrx_word' id='word_1_170' title='bbox 2586 2539 2928 2604; x_wconf 85' lang='lat' dir='ltr'>materiem</span> <span class='ocrx_word' id='word_1_171' title='bbox 2973 2539 3116 2604; x_wconf 88' lang='lat' dir='ltr'>cius</span> <span class='ocrx_word' id='word_1_172' title='bbox 3164 2540 3377 2603; x_wconf 91' lang='lat' dir='ltr'>minus</span> 
     </span>
     <span class='ocr_line' id='line_1_21' title="bbox 1285 2650 3374 2737; baseline 0.001 -25"><span class='ocrx_word' id='word_1_173' title='bbox 1285 2670 1574 2713; x_wconf 85' lang='lat' dir='ltr'>crassam</span> <span class='ocrx_word' id='word_1_174' title='bbox 1622 2671 1817 2736; x_wconf 89' lang='lat' dir='ltr'>quam</span> <span class='ocrx_word' id='word_1_175' title='bbox 1864 2650 2094 2715; x_wconf 88' lang='lat' dir='ltr'>Dorici</span> <span class='ocrx_word' id='word_1_176' title='bbox 2142 2652 2461 2734; x_wconf 86' lang='lat' dir='ltr'>suasisse,</span> <span class='ocrx_word' id='word_1_177' title='bbox 2508 2657 2579 2715; x_wconf 91' lang='lat' dir='ltr'>ut</span> <span class='ocrx_word' id='word_1_178' title='bbox 2627 2672 2858 2737; x_wconf 87' lang='lat' dir='ltr'>corpus</span> <span class='ocrx_word' id='word_1_179' title='bbox 2905 2652 3133 2736; x_wconf 87' lang='lat' dir='ltr'>magis,</span> <span class='ocrx_word' id='word_1_180' title='bbox 3183 2672 3374 2737; x_wconf 88' lang='lat' dir='ltr'>quam</span> 
     </span>
     <span class='ocr_line' id='line_1_22' title="bbox 1286 2760 3376 2844; baseline 0 -20"><span class='ocrx_word' id='word_1_181' title='bbox 1286 2760 1498 2844; x_wconf 85' lang='lat' dir='ltr'>adhuc</span> <span class='ocrx_word' id='word_1_182' title='bbox 1544 2761 1684 2827; x_wconf 83' lang='lat' dir='ltr'>fieri</span> <span class='ocrx_word' id='word_1_183' title='bbox 1730 2762 2012 2843; x_wconf 90' lang='lat' dir='ltr'>soleret,</span> <span class='ocrx_word' id='word_1_184' title='bbox 2072 2763 2504 2829; x_wconf 83' lang='lat' dir='ltr'>involverent.</span> <span class='ocrx_word' id='word_1_185' title='bbox 2595 2763 2907 2827; x_wconf 87' lang='lat' dir='ltr'>Fortasse</span> <span class='ocrx_word' id='word_1_186' title='bbox 2972 2762 3170 2828; x_wconf 87' lang='lat' dir='ltr'>etiam</span> <span class='ocrx_word' id='word_1_187' title='bbox 3229 2783 3376 2826; x_wconf 89' lang='lat' dir='ltr'>cum</span> 
     </span>
     <span class='ocr_line' id='line_1_23' title="bbox 1285 2872 3377 2970; baseline 0.001 -35"><span class='ocrx_word' id='word_1_188' title='bbox 1285 2872 1538 2970; x_wconf 86' lang='lat' dir='ltr'>longae</span> <span class='ocrx_word' id='word_1_189' title='bbox 1584 2874 1726 2938; x_wconf 89' lang='lat' dir='ltr'>eius</span> <span class='ocrx_word' id='word_1_190' title='bbox 1783 2874 2084 2969; x_wconf 79' lang='lat' dir='ltr'>manicae</span> <span class='ocrx_word' id='word_1_191' title='bbox 2130 2874 2439 2939; x_wconf 83' lang='lat' dir='ltr'>bracchia</span> <span class='ocrx_word' id='word_1_192' title='bbox 2483 2874 2838 2960; x_wconf 84' lang='lat' dir='ltr'>tegerent,</span> <span class='ocrx_word' id='word_1_193' title='bbox 2881 2874 3065 2959; x_wconf 80' lang='lat' dir='ltr'>prius</span> <span class='ocrx_word' id='word_1_194' title='bbox 3120 2895 3292 2939; x_wconf 91' lang='lat' dir='ltr'>nunc</span> <span class='ocrx_word' id='word_1_195' title='bbox 3338 2895 3377 2936; x_wconf 92' lang='lat' dir='ltr'>a</span> 
     </span>
     <span class='ocr_line' id='line_1_24' title="bbox 1278 2984 3374 3071; baseline 0.001 -24"><span class='ocrx_word' id='word_1_196' title='bbox 1278 3006 1350 3048; x_wconf 89' lang='lat' dir='ltr'>se</span> <span class='ocrx_word' id='word_1_197' title='bbox 1383 2984 1735 3071; x_wconf 89' lang='lat' dir='ltr'>impetrare</span> <span class='ocrx_word' id='word_1_198' title='bbox 1769 2991 2047 3071; x_wconf 88' lang='lat' dir='ltr'>potuere</span> <span class='ocrx_word' id='word_1_199' title='bbox 2073 2987 2382 3051; x_wconf 87' lang='lat' dir='ltr'>mulieres</span> <span class='ocrx_word' id='word_1_200' title='bbox 2413 2985 2702 3067; x_wconf 89' lang='lat' dir='ltr'>Atticae,</span> <span class='ocrx_word' id='word_1_201' title='bbox 2748 2992 2823 3052; x_wconf 87' lang='lat' dir='ltr'>ut</span> <span class='ocrx_word' id='word_1_202' title='bbox 2854 2986 3156 3051; x_wconf 86' lang='lat' dir='ltr'>dextrum</span> <span class='ocrx_word' id='word_1_203' title='bbox 3185 2987 3374 3051; x_wconf 87' lang='lat' dir='ltr'>brac-</span> 
     </span>
     <span class='ocr_line' id='line_1_25' title="bbox 694 3074 3376 3184; baseline 0.002 -29"><span class='ocrx_word' id='word_1_204' title='bbox 694 3091 912 3156; x_wconf 89' lang='lat' dir='ltr'>chium</span> <span class='ocrx_word' id='word_1_205' title='bbox 944 3074 1420 3180; x_wconf 85' lang='lat' dir='ltr'>humerumque</span> <span class='ocrx_word' id='word_1_206' title='bbox 1453 3095 1756 3161; x_wconf 83' lang='lat' dir='ltr'>dextrum</span> <span class='ocrx_word' id='word_1_207' title='bbox 1789 3097 1997 3162; x_wconf 90' lang='lat' dir='ltr'>oculis</span> <span class='ocrx_word' id='word_1_208' title='bbox 2030 3098 2311 3162; x_wconf 84' lang='lat' dir='ltr'>virorum</span> <span class='ocrx_word' id='word_1_209' title='bbox 2329 3098 2776 3184; x_wconf 82' lang='lat' dir='ltr'>exponerent,</span> <span class='ocrx_word' id='word_1_210' title='bbox 2825 3119 3028 3184; x_wconf 64' lang='lat' dir='ltr'>quae,</span> <span class='ocrx_word' id='word_1_211' title='bbox 3062 3104 3135 3163; x_wconf 89' lang='lat' dir='ltr'>ut</span> <span class='ocrx_word' id='word_1_212' title='bbox 3165 3099 3376 3179; x_wconf 82' lang='lat' dir='ltr'>laeva,</span> 
     </span>
     <span class='ocr_line' id='line_1_26' title="bbox 693 3204 3377 3302; baseline 0.001 -34.001"><span class='ocrx_word' id='word_1_213' title='bbox 693 3210 887 3269; x_wconf 89' lang='lat' dir='ltr'>antea</span> <span class='ocrx_word' id='word_1_214' title='bbox 934 3204 1322 3302; x_wconf 85' lang='lat' dir='ltr'>dependulis</span> <span class='ocrx_word' id='word_1_215' title='bbox 1370 3208 1497 3272; x_wconf 89' lang='lat' dir='ltr'>illis</span> <span class='ocrx_word' id='word_1_216' title='bbox 1544 3208 1609 3272; x_wconf 92' lang='lat' dir='ltr'>in</span> <span class='ocrx_word' id='word_1_217' title='bbox 1642 3209 1848 3273; x_wconf 87' lang='lat' dir='ltr'>latere</span> <span class='ocrx_word' id='word_1_218' title='bbox 1894 3210 2149 3274; x_wconf 76' lang='lat' dir='ltr'>laciniis</span> <span class='ocrx_word' id='word_1_219' title='bbox 2184 3211 2424 3295; x_wconf 89' lang='lat' dir='ltr'>optime</span> <span class='ocrx_word' id='word_1_220' title='bbox 2472 3210 2993 3276; x_wconf 85' lang='lat' dir='ltr'>involvebantur.</span> <span class='ocrx_word' id='word_1_221' title='bbox 3065 3209 3198 3278; x_wconf 82' lang='lat' dir='ltr'>Sed</span> <span class='ocrx_word' id='word_1_222' title='bbox 3231 3214 3377 3274; x_wconf 86' lang='lat' dir='ltr'>utut</span> 
     </span>
     <span class='ocr_line' id='line_1_27' title="bbox 693 3300 3378 3404; baseline 0.002 -24"><span class='ocrx_word' id='word_1_223' title='bbox 693 3338 798 3381; x_wconf 88' lang='lat' dir='ltr'>res</span> <span class='ocrx_word' id='word_1_224' title='bbox 846 3339 994 3381; x_wconf 90' lang='lat' dir='ltr'>sese</span> <span class='ocrx_word' id='word_1_225' title='bbox 1040 3317 1275 3399; x_wconf 87' lang='lat' dir='ltr'>habet,</span> <span class='ocrx_word' id='word_1_226' title='bbox 1336 3300 1531 3404; x_wconf 88' lang='lat' dir='ltr'>plane</span> <span class='ocrx_word' id='word_1_227' title='bbox 1580 3318 1839 3384; x_wconf 89' lang='lat' dir='ltr'>eodem</span> <span class='ocrx_word' id='word_1_228' title='bbox 1861 3319 2056 3384; x_wconf 86' lang='lat' dir='ltr'>modo</span> <span class='ocrx_word' id='word_1_229' title='bbox 2113 3326 2189 3387; x_wconf 91' lang='lat' dir='ltr'>ut</span> <span class='ocrx_word' id='word_1_230' title='bbox 2234 3321 2518 3386; x_wconf 90' lang='lat' dir='ltr'>Ionicus</span> <span class='ocrx_word' id='word_1_231' title='bbox 2559 3321 2781 3386; x_wconf 87' lang='lat' dir='ltr'>chiton</span> <span class='ocrx_word' id='word_1_232' title='bbox 2824 3323 2916 3385; x_wconf 89' lang='lat' dir='ltr'>sic</span> <span class='ocrx_word' id='word_1_233' title='bbox 2963 3323 3158 3387; x_wconf 87' lang='lat' dir='ltr'>etiam</span> <span class='ocrx_word' id='word_1_234' title='bbox 3207 3342 3378 3386; x_wconf 83' lang='lat' dir='ltr'>nova</span> 
     </span>
     <span class='ocr_line' id='line_1_28' title="bbox 691 3429 3374 3516; baseline 0.001 -24"><span class='ocrx_word' id='word_1_235' title='bbox 691 3429 966 3494; x_wconf 87' lang='lat' dir='ltr'>amictus</span> <span class='ocrx_word' id='word_1_236' title='bbox 1017 3430 1183 3493; x_wconf 86' lang='lat' dir='ltr'>ratio</span> <span class='ocrx_word' id='word_1_237' title='bbox 1247 3451 1565 3516; x_wconf 88' lang='lat' dir='ltr'>nusquam</span> <span class='ocrx_word' id='word_1_238' title='bbox 1613 3430 1893 3495; x_wconf 88' lang='lat' dir='ltr'>occurrit</span> <span class='ocrx_word' id='word_1_239' title='bbox 1952 3431 2017 3495; x_wconf 91' lang='lat' dir='ltr'>in</span> <span class='ocrx_word' id='word_1_240' title='bbox 2067 3433 2246 3496; x_wconf 86' lang='lat' dir='ltr'>vasis</span> <span class='ocrx_word' id='word_1_241' title='bbox 2287 3432 2789 3516; x_wconf 87' lang='lat' dir='ltr'>antiquissimis,</span> <span class='ocrx_word' id='word_1_242' title='bbox 2853 3433 3085 3498; x_wconf 88' lang='lat' dir='ltr'>creber</span> <span class='ocrx_word' id='word_1_243' title='bbox 3129 3434 3200 3497; x_wconf 83' lang='lat' dir='ltr'>fit</span> <span class='ocrx_word' id='word_1_244' title='bbox 3244 3434 3374 3497; x_wconf 88' lang='lat' dir='ltr'>iam</span> 
     </span>
     <span class='ocr_line' id='line_1_29' title="bbox 691 3541 3375 3630; baseline 0.002 -28"><span class='ocrx_word' id='word_1_245' title='bbox 691 3541 756 3603; x_wconf 92' lang='lat' dir='ltr'>in</span> <span class='ocrx_word' id='word_1_246' title='bbox 827 3543 1004 3607; x_wconf 87' lang='lat' dir='ltr'>vasis</span> <span class='ocrx_word' id='word_1_247' title='bbox 1085 3542 1405 3607; x_wconf 71' lang='lat' dir='ltr'>archaicis</span> <span class='ocrx_word' id='word_1_248' title='bbox 1476 3542 1932 3608; x_wconf 89' lang='lat' dir='ltr'>liberioribus.</span> <span class='ocrx_word' id='word_1_249' title='bbox 1942 3544 1946 3548; x_wconf 74' lang='grc'><strong><em>’</em></strong></span> <span class='ocrx_word' id='word_1_250' title='bbox 2037 3542 2286 3609; x_wconf 82' lang='lat' dir='ltr'>Videas</span> <span class='ocrx_word' id='word_1_251' title='bbox 2360 3566 2520 3608; x_wconf 87' lang='lat' dir='ltr'>vasa</span> <span class='ocrx_word' id='word_1_252' title='bbox 2598 3544 2835 3610; x_wconf 82' lang='lat' dir='ltr'>Glitiae</span> <span class='ocrx_word' id='word_1_253' title='bbox 2901 3549 2969 3610; x_wconf 92' lang='lat' dir='ltr'>et</span> <span class='ocrx_word' id='word_1_254' title='bbox 3031 3544 3375 3630; x_wconf 83' lang='lat' dir='ltr'>Ergetimi,</span> 
     </span>
     <span class='ocr_line' id='line_1_30' title="bbox 690 3651 3378 3741; baseline 0.001 -24"><span class='ocrx_word' id='word_1_255' title='bbox 690 3653 999 3717; x_wconf 87' lang='lat' dir='ltr'>Xenoclis</span> <span class='ocrx_word' id='word_1_256' title='bbox 1056 3651 1332 3738; x_wconf 88' lang='lat' dir='ltr'>(Raoul-</span> <span class='ocrx_word' id='word_1_257' title='bbox 1339 3653 1699 3735; x_wconf 86' lang='lat' dir='ltr'>Rochette,</span> <span class='ocrx_word' id='word_1_258' title='bbox 1759 3654 2054 3720; x_wconf 73' lang='lat' dir='ltr'>Menum.</span> <span class='ocrx_word' id='word_1_259' title='bbox 2099 3655 2264 3719; x_wconf 64' lang='grc' dir='ltr'>ἱηὲᾱ.</span> <span class='ocrx_word' id='word_1_260' title='bbox 2327 3663 2371 3721; x_wconf 92' lang='lat' dir='ltr'>t.</span> <span class='ocrx_word' id='word_1_261' title='bbox 2419 3659 2562 3740; x_wconf 85' lang='lat'>49),</span> <span class='ocrx_word' id='word_1_262' title='bbox 2619 3657 2750 3721; x_wconf 89' lang='lat' dir='ltr'>alia</span> <span class='ocrx_word' id='word_1_263' title='bbox 2805 3656 3260 3741; x_wconf 86' lang='lat' dir='ltr'>antiquissima</span> <span class='ocrx_word' id='word_1_264' title='bbox 3304 3661 3378 3719; x_wconf 87' lang='lat' dir='ltr'>ut</span> 
     </span>
     <span class='ocr_line' id='line_1_31' title="bbox 692 3746 3373 3853; baseline 0.002 -26"><span class='ocrx_word' id='word_1_265' title='bbox 692 3746 775 3829; x_wconf 73' lang='grc' dir='ltr'>Ε.</span> <span class='ocrx_word' id='word_1_266' title='bbox 826 3764 891 3829; x_wconf 80' lang='lat' dir='ltr'>G.</span> <span class='ocrx_word' id='word_1_267' title='bbox 938 3764 1000 3853; x_wconf 77' lang='lat'>1.</span> <span class='ocrx_word' id='word_1_268' title='bbox 1060 3771 1104 3830; x_wconf 83' lang='lat' dir='ltr'>t.</span> <span class='ocrx_word' id='word_1_269' title='bbox 1165 3769 1245 3829; x_wconf 87' lang='lat'>65</span> <span class='ocrx_word' id='word_1_270' title='bbox 1295 3761 1376 3847; x_wconf 68' lang='lat' dir='ltr'>A,</span> <span class='ocrx_word' id='word_1_271' title='bbox 1422 3766 1512 3830; x_wconf 84' lang='grc' dir='ltr'>Π.</span> <span class='ocrx_word' id='word_1_272' title='bbox 1559 3772 1605 3831; x_wconf 84' lang='lat' dir='ltr'>t.</span> <span class='ocrx_word' id='word_1_273' title='bbox 1654 3769 1755 3831; x_wconf 84' lang='lat'>36.</span> <span class='ocrx_word' id='word_1_274' title='bbox 1802 3765 1886 3847; x_wconf 88' lang='lat' dir='ltr'>D,</span> <span class='ocrx_word' id='word_1_275' title='bbox 1946 3766 2072 3831; x_wconf 88' lang='lat'>111.</span> <span class='ocrx_word' id='word_1_276' title='bbox 2118 3773 2163 3832; x_wconf 77' lang='lat' dir='ltr'>t.</span> <span class='ocrx_word' id='word_1_277' title='bbox 2217 3764 2355 3842; x_wconf 77' lang='lat'><strong>16;&#39;</strong></span> <span class='ocrx_word' id='word_1_278' title='bbox 2403 3767 2724 3832; x_wconf 76' lang='lat' dir='ltr'>eerhard.</span> <span class='ocrx_word' id='word_1_279' title='bbox 2778 3769 2864 3832; x_wconf 78' lang='lat' dir='ltr'>A.</span> <span class='ocrx_word' id='word_1_280' title='bbox 2916 3767 3103 3833; x_wconf 64' lang='lat' dir='ltr'>Iz-B.</span> <span class='ocrx_word' id='word_1_281' title='bbox 3164 3774 3211 3832; x_wconf 84' lang='lat' dir='ltr'>t.</span> <span class='ocrx_word' id='word_1_282' title='bbox 3269 3772 3373 3849; x_wconf 84' lang='lat'>26,</span> 
     </span>
     <span class='ocr_line' id='line_1_32' title="bbox 695 3878 3375 3967; baseline 0.001 -26"><span class='ocrx_word' id='word_1_283' title='bbox 695 3881 835 3944; x_wconf 83' lang='lat'>129.</span> <span class='ocrx_word' id='word_1_284' title='bbox 884 3880 944 3959; x_wconf 86' lang='lat'>2,</span> <span class='ocrx_word' id='word_1_285' title='bbox 1002 3880 1148 3942; x_wconf 77' lang='lat'>205.</span> <span class='ocrx_word' id='word_1_286' title='bbox 1193 3881 1254 3960; x_wconf 79' lang='lat'>3,</span> <span class='ocrx_word' id='word_1_287' title='bbox 1311 3880 1472 3960; x_wconf 78' lang='lat'>233,</span> <span class='ocrx_word' id='word_1_288' title='bbox 1535 3881 1680 3946; x_wconf 88' lang='lat'>324.</span> <span class='ocrx_word' id='word_1_289' title='bbox 1728 3881 1799 3959; x_wconf 81' lang='grc'>2;</span> <span class='ocrx_word' id='word_1_290' title='bbox 1866 3879 1964 3943; x_wconf 86' lang='lat' dir='ltr'>M.</span> <span class='ocrx_word' id='word_1_291' title='bbox 2011 3879 2070 3943; x_wconf 80' lang='lat' dir='ltr'>d.</span> <span class='ocrx_word' id='word_1_292' title='bbox 2120 3879 2176 3943; x_wconf 91' lang='lat' dir='ltr'>I.</span> <span class='ocrx_word' id='word_1_293' title='bbox 2222 3879 2347 3945; x_wconf 93' lang='lat' dir='ltr'>III.</span> <span class='ocrx_word' id='word_1_294' title='bbox 2393 3885 2437 3945; x_wconf 88' lang='lat' dir='ltr'>t.</span> <span class='ocrx_word' id='word_1_295' title='bbox 2483 3884 2586 3962; x_wconf 86' lang='lat'>44,</span> <span class='ocrx_word' id='word_1_296' title='bbox 2642 3878 2761 3943; x_wconf 89' lang='lat' dir='ltr'>IX.</span> <span class='ocrx_word' id='word_1_297' title='bbox 2815 3885 2862 3946; x_wconf 86' lang='lat' dir='ltr'>t.</span> <span class='ocrx_word' id='word_1_298' title='bbox 2920 3885 3033 3957; x_wconf 81' lang='lat'>553</span> <span class='ocrx_word' id='word_1_299' title='bbox 3092 3880 3375 3967; x_wconf 89' lang='lat' dir='ltr'>denique</span> 
     </span>
     <span class='ocr_line' id='line_1_33' title="bbox 689 3988 3378 4077; baseline 0 -23"><span class='ocrx_word' id='word_1_300' title='bbox 689 3990 1151 4075; x_wconf 84' lang='lat' dir='ltr'>Heydemann.</span> <span class='ocrx_word' id='word_1_301' title='bbox 1203 3989 1452 4055; x_wconf 78' lang='lat' dir='ltr'>Griech.</span> <span class='ocrx_word' id='word_1_302' title='bbox 1514 3988 1704 4066; x_wconf 84' lang='lat' dir='ltr'>V.-B.</span> <span class='ocrx_word' id='word_1_303' title='bbox 1752 3994 1799 4055; x_wconf 91' lang='lat' dir='ltr'>t.</span> <span class='ocrx_word' id='word_1_304' title='bbox 1847 3993 1907 4052; x_wconf 88' lang='grc'>6.</span> <span class='ocrx_word' id='word_1_305' title='bbox 1942 3995 1981 4053; x_wconf 93' lang='grc'>4</span> <span class='ocrx_word' id='word_1_306' title='bbox 2044 3992 2259 4076; x_wconf 90' lang='lat' dir='ltr'>(cuius</span> <span class='ocrx_word' id='word_1_307' title='bbox 2305 3991 2556 4055; x_wconf 86' lang='lat' dir='ltr'>vasculi</span> <span class='ocrx_word' id='word_1_308' title='bbox 2603 3990 2873 4071; x_wconf 85' lang='lat' dir='ltr'>Thetin,</span> <span class='ocrx_word' id='word_1_309' title='bbox 2920 3992 3070 4077; x_wconf 88' lang='lat' dir='ltr'>quia</span> <span class='ocrx_word' id='word_1_310' title='bbox 3115 3999 3378 4077; x_wconf 85' lang='lat' dir='ltr'>praeter</span> 
     </span>
     <span class='ocr_line' id='line_1_34' title="bbox 690 4101 3375 4189; baseline 0 -22"><span class='ocrx_word' id='word_1_311' title='bbox 690 4108 913 4167; x_wconf 86' lang='lat' dir='ltr'>cetera</span> <span class='ocrx_word' id='word_1_312' title='bbox 949 4102 1054 4166; x_wconf 91' lang='lat' dir='ltr'>hic</span> <span class='ocrx_word' id='word_1_313' title='bbox 1088 4102 1374 4166; x_wconf 89' lang='lat' dir='ltr'>dilucida</span> <span class='ocrx_word' id='word_1_314' title='bbox 1410 4103 1928 4187; x_wconf 87' lang='lat' dir='ltr'>repraesentatio</span> <span class='ocrx_word' id='word_1_315' title='bbox 1963 4101 2216 4167; x_wconf 87' lang='lat' dir='ltr'>himatii</span> <span class='ocrx_word' id='word_1_316' title='bbox 2247 4104 2410 4183; x_wconf 72' lang='lat' dir='ltr'>fiy.9</span> <span class='ocrx_word' id='word_1_317' title='bbox 2437 4104 3055 4188; x_wconf 88' lang='lat' dir='ltr'>repraesentandam</span> <span class='ocrx_word' id='word_1_318' title='bbox 3094 4104 3375 4189; x_wconf 81' lang='lat' dir='ltr'>curavi):</span> 
     </span>
     <span class='ocr_line' id='line_1_35' title="bbox 688 4213 3374 4301; baseline 0 -22"><span class='ocrx_word' id='word_1_319' title='bbox 688 4215 931 4301; x_wconf 85' lang='lat' dir='ltr'>ubique</span> <span class='ocrx_word' id='word_1_320' title='bbox 977 4216 1259 4300; x_wconf 88' lang='lat' dir='ltr'>priorem</span> <span class='ocrx_word' id='word_1_321' title='bbox 1302 4215 1573 4279; x_wconf 87' lang='lat' dir='ltr'>formam</span> <span class='ocrx_word' id='word_1_322' title='bbox 1618 4215 1843 4280; x_wconf 87' lang='lat' dir='ltr'>habes.</span> <span class='ocrx_word' id='word_1_323' title='bbox 1912 4213 2205 4279; x_wconf 87' lang='lat' dir='ltr'>Alterius</span> <span class='ocrx_word' id='word_1_324' title='bbox 2239 4221 2465 4293; x_wconf 85' lang='lat' dir='ltr'>contra</span> <span class='ocrx_word' id='word_1_325' title='bbox 2518 4236 2684 4299; x_wconf 85' lang='lat' dir='ltr'>quae</span> <span class='ocrx_word' id='word_1_326' title='bbox 2718 4221 3014 4301; x_wconf 89' lang='lat' dir='ltr'>poteram</span> <span class='ocrx_word' id='word_1_327' title='bbox 3061 4215 3374 4301; x_wconf 87' lang='lat' dir='ltr'>indagare</span> 
     </span>
     <span class='ocr_line' id='line_1_36' title="bbox 688 4324 3375 4413; baseline -0 -22"><span class='ocrx_word' id='word_1_328' title='bbox 688 4327 1132 4413; x_wconf 87' lang='lat' dir='ltr'>antiquissima</span> <span class='ocrx_word' id='word_1_329' title='bbox 1178 4328 1483 4413; x_wconf 81' lang='lat' dir='ltr'>exempla</span> <span class='ocrx_word' id='word_1_330' title='bbox 1528 4332 1680 4391; x_wconf 90' lang='lat' dir='ltr'>sunt</span> <span class='ocrx_word' id='word_1_331' title='bbox 1712 4324 2032 4392; x_wconf 82' lang='lat' dir='ltr'>Gerhard.</span> <span class='ocrx_word' id='word_1_332' title='bbox 2065 4327 2147 4389; x_wconf 88' lang='lat' dir='ltr'>A.</span> <span class='ocrx_word' id='word_1_333' title='bbox 2182 4324 2368 4390; x_wconf 87' lang='lat' dir='ltr'>V.-B.</span> <span class='ocrx_word' id='word_1_334' title='bbox 2403 4333 2449 4392; x_wconf 93' lang='lat' dir='ltr'>t.</span> <span class='ocrx_word' id='word_1_335' title='bbox 2484 4331 2625 4408; x_wconf 80' lang='lat'>111,</span> <span class='ocrx_word' id='word_1_336' title='bbox 2656 4331 2797 4409; x_wconf 83' lang='lat'>141,</span> <span class='ocrx_word' id='word_1_337' title='bbox 2830 4330 3194 4411; x_wconf 81' lang='lat'>211—212,</span> <span class='ocrx_word' id='word_1_338' title='bbox 3229 4331 3375 4392; x_wconf 82' lang='grc'>214.</span> 
     </span>
     <span class='ocr_line' id='line_1_37' title="bbox 687 4437 3374 4525; baseline 0 -23"><span class='ocrx_word' id='word_1_339' title='bbox 687 4437 922 4524; x_wconf 88' lang='lat' dir='ltr'>Neque</span> <span class='ocrx_word' id='word_1_340' title='bbox 971 4444 1194 4503; x_wconf 89' lang='lat' dir='ltr'>tamen</span> <span class='ocrx_word' id='word_1_341' title='bbox 1251 4445 1323 4502; x_wconf 90' lang='lat' dir='ltr'>ut</span> <span class='ocrx_word' id='word_1_342' title='bbox 1366 4437 1648 4503; x_wconf 90' lang='lat' dir='ltr'>Doricus</span> <span class='ocrx_word' id='word_1_343' title='bbox 1697 4437 1921 4502; x_wconf 89' lang='lat' dir='ltr'>chiton</span> <span class='ocrx_word' id='word_1_344' title='bbox 1969 4437 2063 4502; x_wconf 89' lang='lat' dir='ltr'>sic</span> <span class='ocrx_word' id='word_1_345' title='bbox 2119 4438 2315 4502; x_wconf 91' lang='lat' dir='ltr'>etiam</span> <span class='ocrx_word' id='word_1_346' title='bbox 2363 4439 2729 4525; x_wconf 89' lang='lat' dir='ltr'>periblema</span> <span class='ocrx_word' id='word_1_347' title='bbox 2784 4460 2931 4504; x_wconf 90' lang='lat' dir='ltr'>cum</span> <span class='ocrx_word' id='word_1_348' title='bbox 2990 4461 3071 4505; x_wconf 91' lang='lat' dir='ltr'>eo</span> <span class='ocrx_word' id='word_1_349' title='bbox 3118 4446 3374 4525; x_wconf 85' lang='lat' dir='ltr'>gestum</span> 
     </span>
    </p>
   </div>
   <div class='ocr_carea' id='block_1_3' title="bbox 708 1145 1233 2924">
    <p class='ocr_par' dir='ltr' id='par_1_3' title="bbox 708 1145 1233 2924">
     <span class='ocr_line' id='line_1_38' title="bbox 708 1145 1233 2924; baseline 0 0"><span class='ocrx_word' id='word_1_350' title='bbox 708 1145 1233 2924; x_wconf 95' lang='lat' dir='ltr'> </span> 
     </span>
    </p>
   </div>
   <div class='ocr_carea' id='block_1_4' title="bbox 900 2962 1141 3020">
    <p class='ocr_par' dir='ltr' id='par_1_4' title="bbox 900 2962 1141 3020">
     <span class='ocr_line' id='line_1_39' title="bbox 900 2962 1141 3020; baseline 0.008 -15"><span class='ocrx_word' id='word_1_351' title='bbox 900 2962 1141 3020; x_wconf 66' lang='lat' dir='ltr'>Fi..gsf</span> 
     </span>
    </p>
   </div>
   <div class='ocr_carea' id='block_1_5' title="bbox 687 4572 1099 4580">
    <p class='ocr_par' dir='ltr' id='par_1_5' title="bbox 687 4572 1099 4580">
     <span class='ocr_line' id='line_1_40' title="bbox 687 4572 1099 4580; baseline 0 812"><span class='ocrx_word' id='word_1_352' title='bbox 687 4572 1099 4580; x_wconf 95' lang='lat' dir='ltr'> </span> 
     </span>
    </p>
   </div>
   <div class='ocr_carea' id='block_1_6' title="bbox 688 4640 3377 4888">
    <p class='ocr_par' dir='ltr' id='par_1_6' title="bbox 688 4640 3377 4888">
     <span class='ocr_line' id='line_1_41' title="bbox 688 4640 3377 4715; baseline -0.001 -17"><span class='ocrx_word' id='word_1_353' title='bbox 688 4644 921 4701; x_wconf 84' lang='lat' dir='ltr'>fortasse</span> <span class='ocrx_word' id='word_1_354' title='bbox 958 4640 1158 4699; x_wconf 82' lang='lat' dir='ltr'>leviter</span> <span class='ocrx_word' id='word_1_355' title='bbox 1192 4644 1598 4699; x_wconf 83' lang='lat' dir='ltr'>immutabant:</span> <span class='ocrx_word' id='word_1_356' title='bbox 1636 4645 1756 4714; x_wconf 86' lang='lat' dir='ltr'>ipse</span> <span class='ocrx_word' id='word_1_357' title='bbox 1792 4646 1850 4698; x_wconf 88' lang='lat' dir='ltr'>te</span> <span class='ocrx_word' id='word_1_358' title='bbox 1887 4643 2160 4699; x_wconf 86' lang='lat' dir='ltr'>admoneo</span> <span class='ocrx_word' id='word_1_359' title='bbox 2187 4645 2374 4715; x_wconf 78' lang='lat' dir='ltr'>exigui</span> <span class='ocrx_word' id='word_1_360' title='bbox 2413 4644 2568 4699; x_wconf 87' lang='lat' dir='ltr'>illius</span> <span class='ocrx_word' id='word_1_361' title='bbox 2604 4645 2779 4714; x_wconf 84' lang='lat' dir='ltr'>panni</span> <span class='ocrx_word' id='word_1_362' title='bbox 2804 4643 2875 4698; x_wconf 88' lang='lat' dir='ltr'>ab</span> <span class='ocrx_word' id='word_1_363' title='bbox 2900 4644 3144 4698; x_wconf 87' lang='lat' dir='ltr'>humeris</span> <span class='ocrx_word' id='word_1_364' title='bbox 3169 4644 3377 4714; x_wconf 83' lang='lat' dir='ltr'>depen-</span> 
     </span>
     <span class='ocr_line' id='line_1_42' title="bbox 689 4717 3376 4802; baseline -0.001 -17"><span class='ocrx_word' id='word_1_365' title='bbox 689 4728 891 4797; x_wconf 84' lang='lat' dir='ltr'>dentis,</span> <span class='ocrx_word' id='word_1_366' title='bbox 928 4748 1093 4801; x_wconf 89' lang='lat' dir='ltr'>quem</span> <span class='ocrx_word' id='word_1_367' title='bbox 1131 4731 1303 4786; x_wconf 83' lang='lat' dir='ltr'>habes</span> <span class='ocrx_word' id='word_1_368' title='bbox 1341 4749 1387 4787; x_wconf 85' lang='lat' dir='ltr'>e.</span> <span class='ocrx_word' id='word_1_369' title='bbox 1412 4750 1494 4802; x_wconf 77' lang='lat' dir='ltr'>gr.</span> <span class='ocrx_word' id='word_1_370' title='bbox 1521 4730 1785 4786; x_wconf 84' lang='lat' dir='ltr'>Gerhard.</span> <span class='ocrx_word' id='word_1_371' title='bbox 1812 4728 1897 4784; x_wconf 62' lang='lat' dir='ltr'>A.</span> <span class='ocrx_word' id='word_1_372' title='bbox 1922 4730 2076 4785; x_wconf 90' lang='lat' dir='ltr'>V.-B.</span> <span class='ocrx_word' id='word_1_373' title='bbox 2113 4733 2154 4784; x_wconf 88' lang='lat' dir='ltr'>t.</span> <span class='ocrx_word' id='word_1_374' title='bbox 2195 4732 2310 4795; x_wconf 81' lang='lat'>125,</span> <span class='ocrx_word' id='word_1_375' title='bbox 2347 4732 2472 4791; x_wconf 57' lang='lat'>26&amp;</span> <span class='ocrx_word' id='word_1_376' title='bbox 2508 4717 2583 4785; x_wconf 71' lang='grc' dir='ltr'>Ε.</span> <span class='ocrx_word' id='word_1_377' title='bbox 2609 4731 2665 4785; x_wconf 84' lang='lat'>0.</span> <span class='ocrx_word' id='word_1_378' title='bbox 2690 4731 2732 4786; x_wconf 94' lang='lat' dir='ltr'>I.</span> <span class='ocrx_word' id='word_1_379' title='bbox 2759 4733 2799 4784; x_wconf 90' lang='lat' dir='ltr'>t.</span> <span class='ocrx_word' id='word_1_380' title='bbox 2825 4731 2909 4795; x_wconf 79' lang='lat'>54,</span> <span class='ocrx_word' id='word_1_381' title='bbox 2947 4730 3210 4785; x_wconf 80' lang='lat' dir='ltr'>insolitae</span> <span class='ocrx_word' id='word_1_382' title='bbox 3245 4730 3376 4783; x_wconf 88' lang='lat' dir='ltr'>dein</span> 
     </span>
     <span class='ocr_line' id='line_1_43' title="bbox 690 4815 3276 4888; baseline -0 -16"><span class='ocrx_word' id='word_1_383' title='bbox 690 4817 1115 4888; x_wconf 84' lang='lat' dir='ltr'>apoptygmatis</span> <span class='ocrx_word' id='word_1_384' title='bbox 1152 4816 1360 4871; x_wconf 83' lang='lat' dir='ltr'>formae</span> <span class='ocrx_word' id='word_1_385' title='bbox 1397 4835 1542 4886; x_wconf 84' lang='lat' dir='ltr'>quae</span> <span class='ocrx_word' id='word_1_386' title='bbox 1580 4815 1867 4871; x_wconf 82' lang='lat' dir='ltr'>invenitur</span> <span class='ocrx_word' id='word_1_387' title='bbox 1902 4816 2166 4871; x_wconf 81' lang='lat' dir='ltr'>Gerhard.</span> <span class='ocrx_word' id='word_1_388' title='bbox 2207 4815 2432 4869; x_wconf 68' lang='lat' dir='ltr'>Etomk.</span> <span class='ocrx_word' id='word_1_389' title='bbox 2469 4815 2589 4868; x_wconf 79' lang='lat' dir='ltr'>und</span> <span class='ocrx_word' id='word_1_390' title='bbox 2621 4815 2870 4883; x_wconf 67' lang='grc' dir='ltr'>Ῑιταπψαη.</span> <span class='ocrx_word' id='word_1_391' title='bbox 2923 4815 3073 4870; x_wconf 66' lang='lat' dir='ltr'>VZ-B.</span> <span class='ocrx_word' id='word_1_392' title='bbox 3112 4818 3150 4870; x_wconf 90' lang='lat' dir='ltr'>t.</span> <span class='ocrx_word' id='word_1_393' title='bbox 3197 4817 3276 4871; x_wconf 83' lang='lat'>13.</span> 
     </span>
    </p>
   </div>
   <div class='ocr_carea' id='block_1_7' title="bbox 3859 164 3862 1153">
    <p class='ocr_par' dir='ltr' id='par_1_7' title="bbox 3859 164 3862 1153">
     <span class='ocr_line' id='line_1_44' title="bbox 3859 164 3862 1153; baseline 0 0"><span class='ocrx_word' id='word_1_394' title='bbox 3859 164 3862 1153; x_wconf 95' lang='lat' dir='ltr'> </span> 
     </span>
    </p>
   </div>
   <div class='ocr_carea' id='block_1_8' title="bbox 3858 1662 3862 2177">
    <p class='ocr_par' dir='ltr' id='par_1_8' title="bbox 3858 1662 3862 2177">
     <span class='ocr_line' id='line_1_45' title="bbox 3858 1662 3862 2177; baseline 0 0"><span class='ocrx_word' id='word_1_395' title='bbox 3858 1662 3862 2177; x_wconf 95' lang='lat' dir='ltr'> </span> 
     </span>
    </p>
   </div>
  </div>
 </body>
</html>
