3875 5392
1807 352 2187 420 -2...

663 551 896 632 terque
945 541 1122 610 haud
1169 541 1405 610 leviter
1451 565 1603 610 eum
1646 545 2060 611 immutatum
2107 568 2253 613 esse
2299 547 2566 613 vascula
2609 544 2908 614 doceant.
2996 548 3104 614 An
3148 556 3341 635 putas

659 695 898 760 operae
958 675 1241 760 pretium
1296 673 1622 739 facturum
1677 696 1826 740 esse
1888 672 2069 758 eum,
2144 644 2253 761 qui
2313 696 2370 742 e.
2417 697 2513 762 gr.
2561 675 3034 742 Germanorum
3093 676 3246 742 inde
3301 698 3341 742 a

659 808 849 868 sexto
910 803 1161 868 decimo
1209 805 1468 869 saeculo
1529 805 1808 869 vestitus
1864 810 2000 869 tam
2046 807 2259 870 varios
2316 826 2448 871 uno
2501 812 2656 893 typo
2703 806 3337 893 comprehenderet?

660 931 940 1006 Quidni?
985 953 1315 1020 nunquam
1348 953 1693 999 cessavere
1727 934 2020 1017 braccas,
2070 936 2358 1018 camisia,
2400 942 2621 1002 vestes
2655 938 3027 1023 superiores
3059 944 3337 1024 gestare,

660 1065 752 1129 sic
784 1070 857 1129 ut
903 1063 1144 1129 Graeci
1176 1084 1506 1149 nunquam
1540 1084 1580 1128 a
1605 1064 2064 1148 periblematis
2107 1070 2175 1130 et
2217 1065 2583 1151 endymatis
2626 1064 2982 1133 recessisse
3015 1066 3338 1133 videntur.

832 1195 1051 1280 Atque
1085 1194 1407 1279 quomodo
1450 1215 1578 1259 non
1627 1195 1838 1259 solum
1883 1194 2134 1259 inutilis
2181 1196 2266 1260 sit
2309 1195 2422 1260 illa
2467 1197 2652 1279 ratio,
2699 1197 2816 1262 sed
2862 1198 3060 1262 etiam
3105 1217 3340 1262 nocere

659 1324 895 1410 possit,
953 1322 1021 1386 in
1066 1322 1436 1387 nominibus
1480 1325 1762 1389 vestium
1811 1324 2286 1389 constituendis
2343 1330 2651 1411 apparet,
2716 1347 2846 1410 qua
2901 1326 2969 1390 in
3026 1348 3098 1392 re
3147 1346 3340 1412 quam

659 1473 889 1539 parum
936 1452 1330 1538 profecerint
1376 1453 1497 1517 viri
1556 1453 1763 1534 docti,
1820 1460 2045 1518 notum
2101 1460 2224 1521 est.
2317 1454 2578 1541 Quippe
2638 1456 2693 1518 si
2748 1456 3179 1519 monumentis
3234 1457 3341 1520 vel

660 1583 873 1648 obiter
921 1582 1331 1668 perlustratis
1377 1582 1497 1647 tibi
1543 1584 1955 1667 persuaseris
2001 1584 2310 1649 vestitum
2355 1581 2632 1648 diversis
2678 1583 3081 1668 temporibus
3122 1583 3339 1648 diver-

662 1733 807 1777 sum
850 1711 1088 1791 fuisse,
1155 1709 1479 1776 concedas
1539 1731 1819 1777 necesse
1868 1718 2002 1793 est,
2064 1713 2325 1777 unicam
2370 1711 2452 1777 ad
2497 1713 2760 1777 nomina
2802 1713 3338 1778 vestimentorum

660 1847 841 1907 certo
887 1839 1280 1905 invenienda
1326 1840 1499 1905 viam
1546 1861 1690 1906 eam
1736 1862 1915 1922 esse,
1973 1847 2048 1905 ut
2107 1841 2285 1905 nulla
2342 1842 2474 1907 alia
2528 1842 2906 1907 testimonia
2963 1842 3341 1928 coniungas,

659 1969 789 2034 nisi
835 1989 1002 2055 quae
1064 1966 1358 2031 eiusdem
1406 1967 1643 2031 aetatis
1697 1967 1854 2048 sint,
1912 1967 1976 2031 h.
2011 1986 2068 2031 e.
2112 1988 2198 2032 ne
2245 1968 2390 2032 aliis
2437 1974 2633 2054 atque
2680 1968 3066 2054 aequalibus
3109 1991 3338 2034 monu-

656 2097 898 2164 mentis
963 2095 1272 2161 adhibitis
1344 2096 1678 2181 scriptoris
1740 2095 2078 2160 cuiusdam
2137 2097 2353 2161 locum
2409 2097 2896 2185 interpreteris,
2970 2119 3139 2165 neve
3195 2099 3337 2164 vice

658 2247 849 2293 versa
893 2246 980 2290 ex
1029 2229 1177 2295 aliis
1223 2234 1419 2314 atque
1450 2228 1837 2314 aequalibus
1874 2229 2299 2316 scriptoribus
2345 2248 2589 2294 nomen
2619 2249 2899 2315 quaeras
2942 2228 3337 2294 vestimento

656 2356 725 2420 in
779 2357 1218 2423 monumentis
1274 2357 1668 2438 occurrenti,
1726 2377 1892 2422 neve
1951 2356 2233 2442 denique
2292 2357 2376 2422 ad
2429 2357 2778 2442 scriptores
2821 2354 3081 2422 Atticos
3135 2357 3337 2421 inter·

658 2486 1018 2571 pretandos
1064 2486 1432 2571 promiscue
1478 2486 1685 2550 utaris
1733 2485 1828 2551 eis
1874 2484 2216 2551 Romanae
2260 2484 2367 2550 vel
2410 2483 2819 2571 Byzantinae
2862 2486 3124 2551 aetatis.
3192 2486 3336 2560 Quo

657 2616 1000 2703 principali
1045 2636 1292 2681 canone
1340 2615 1455 2680 vili
1500 2613 1726 2679 habito
1775 2634 1923 2679 cum
1973 2615 2134 2680 alias
2177 2614 2356 2680 haud
2402 2615 2607 2680 semel
2653 2636 2693 2680 a
2736 2635 2892 2681 vero
2947 2615 3336 2682 aberravere

657 2744 778 2809 viri
824 2732 1015 2825 docti,
1062 2749 1199 2807 tum
1246 2744 1313 2808 in
1348 2743 1580 2807 vitium
1627 2743 1914 2808 omnium
1959 2742 2475 2807 funestissimum
2520 2742 2910 2808 inciderunt.
2976 2742 3149 2808 Nam
3194 2765 3341 2810 cum

661 2892 698 2936 e
730 2873 1117 2958 scriptorum
1148 2872 1560 2958 antiquorum
1597 2872 1756 2937 locis
1785 2872 2170 2957 plerumque
2217 2872 2308 2936 nil
2356 2872 2518 2937 certi
2565 2870 2738 2937 effici
2784 2892 2976 2959 posse
3007 2873 3343 2940 videretur

662 3040 740 3049 —
803 3003 914 3088 qui
980 3023 1215 3069 revera
1282 3004 1585 3089 saepius·
1627 3002 2064 3067 monumentis
2136 3002 2447 3067 illustrari
2512 3001 2758 3068 debent
2816 3039 2928 3085 ——,
2985 3003 3081 3069 illi
3139 3005 3341 3070 inter-

664 3132 1033 3217 pretatione
1078 3132 1369 3197 locorum
1414 3152 1546 3196 non
1591 3131 1795 3196 semel
1834 3132 2044 3216 magis
2092 3150 2286 3217 quam
2341 3152 2463 3217 par
2518 3136 2659 3196 erat
2701 3132 3007 3217 neglecta
3052 3132 3135 3197 ad
3176 3135 3342 3199 lexi—

662 3258 1028 3346 cographos
1060 3265 1129 3324 et
1167 3258 1560 3324 scholiastas
1595 3257 1970 3343 confugere,
2016 3258 2127 3342 qui
2158 3278 2354 3322 unam
2386 3278 2710 3344 quamque
2741 3281 2972 3326 vocem
3005 3262 3343 3329 commode

664 3388 1090 3474 explicarent.
1183 3386 1316 3453 Sed
1359 3386 1591 3452 horum
1645 3391 2032 3473 praecepta,
2101 3386 2157 3451 si
2203 3386 2360 3472 quid
2404 3389 2556 3453 novi
2615 3390 2949 3457 continent
3006 3411 3130 3457 nec
3174 3392 3343 3457 forte

664 3517 944 3583 redeunt
988 3517 1071 3583 ad
1116 3517 1366 3582 fontem
1396 3516 1766 3602 integrioris
1812 3515 1969 3581 fidei
2010 3552 2072 3564 -
2135 3515 2659 3582 Alexandrinum
2703 3539 2939 3604 nempe
2973 3556 3053 3566 —
3088 3540 3347 3605 semper

664 3650 879 3715 futilia
909 3652 1081 3730 sunt,
1111 3645 1502 3733 ipsissimam
1536 3643 1713 3710 enim
1745 3643 2019 3708 istorum
2055 3643 2573 3728 magistellorum
2601 3644 2963 3712 doctrinam
2991 3649 3344 3730 continent,

667 3778 968 3842 haustam
1015 3794 1163 3840 eam
1209 3793 1245 3837 e
1293 3772 1680 3856 scriptorum
1738 3769 2151 3854 antiquorum
2204 3769 2746 3857 interpretatione
2799 3795 2932 3840 non
2990 3776 3181 3842 modo
3229 3797 3345 3863 pro

667 3905 933 3991 ingenio
999 3923 1227 3969 eorum
1289 3906 1392 3966 sat
1456 3899 1715 3965 sordida
1780 3899 1896 3964 sed
1957 3899 2231 3964 confusa
2285 3900 2477 3964 simul
2531 3901 2821 3968 adhibito
2867 3906 3114 3970 vestitu
3174 3906 3346 3971 illius

670 4034 906 4100 aetatis
951 4038 1092 4098 toto
1140 4032 1323 4097 caelo
1372 4030 1752 4096 abhorrenti
1811 4030 1892 4096 ab
1940 4052 2020 4096 eo
2068 4032 2277 4117 quinti
2322 4033 2620 4117 quartive
2666 4036 2934 4100 saeculi.
3021 4034 3354 4122 Exempla

668 4165 723 4227 si
751 4161 1050 4247 requiris,
1096 4159 1417 4224 admoneo
1461 4165 1526 4223 te
1576 4157 1825 4243 crobyli
1853 4157 2070 4224 denuo
2117 4164 2189 4222 ut
2231 4159 2323 4224 ita
2360 4159 2573 4224 dicam
2609 4182 2650 4226 a
2687 4159 2972 4227 Conzeio
3018 4166 3085 4226 et
3130 4160 3346 4227 Theo-

672 4290 829 4357 doro
862 4290 1214 4356 Schreiber
1242 4289 1508 4375 reperti,
1554 4290 1778 4374 legere
1811 4295 1876 4354 te
1916 4289 2109 4354 iubeo
2157 4310 2239 4355 ea
2284 4310 2450 4375 quae
2483 4288 2654 4354 infra
2698 4288 2780 4355 de
2826 4289 3046 4355 dorico
3093 4289 3348 4356 chitone

672 4420 964 4486 dicturus
1011 4440 1177 4486 sum.
1266 4420 1369 4485 De
1417 4439 1544 4505 quo
1605 4441 1752 4484 cum
1797 4418 2134 4502 Duridem,
2179 4418 2620 4501 Eustathium,
2668 4417 3076 4485 Clementem
3122 4419 3349 4488 audire

672 4552 943 4617 mallent
988 4571 1180 4637 quam
1222 4547 1635 4614 Herodotum
1680 4555 1748 4613 et
1787 4550 2075 4631 vascula,
2123 4554 2192 4614 et
2236 4550 2439 4615 ceteri
2483 4549 2926 4614 titubaverunt
2969 4554 3037 4613 et
3079 4547 3348 4615 Bluem-

672 4701 869 4747 nerus
912 4678 1266 4764 impeditus
1300 4683 1420 4759 est,
1468 4677 1811 4763 quominus
1856 4677 2061 4741 multa
2105 4677 2315 4743 adhuc
2361 4677 2563 4743 dubia
2600 4679 2900 4760 solveret,
2949 4678 3059 4764 qui
3105 4677 3350 4765 primus

675 4810 984 4874 historiae
1032 4809 1309 4874 vestitus
1355 4807 1642 4892 aliquam
1683 4806 2009 4874 rationem
2052 4806 2269 4873 habet.
