3875 5392
1665 410 2092 478 ...19-

538 601 830 667 sensisse
867 599 1143 681 videtur,
1191 599 1346 667 dicit
1391 603 1561 667 enim
1596 601 1664 688 (l.
1695 602 1808 687 s.):
1854 603 2008 681 „scd
2047 604 2216 667 hunc
2245 600 2486 667 cultum
2515 623 2901 686 quamquam
2927 600 3228 668 Minerva

536 714 803 793 tenebat,
867 715 928 778 is
986 719 1197 779 tamen
1237 714 1587 797 viminibus
1630 714 1869 778 Atticis
1930 720 2066 779 tum
2109 716 2240 779 iam
2283 714 2682 796 displicuisse
2726 716 3034 781 videtur.“
3080 718 3222 798 (cfr.

534 831 699 910 part.
746 825 833 892 II.
883 848 1027 913 cap.
1075 829 1114 890 2
1160 832 1228 892 et
1274 824 1363 913 3).
1414 865 1498 874 —-

705 952 844 1019 Res
892 960 1024 1019 tam
1071 959 1301 1040 aperta
1345 955 1503 1019 mihi
1550 975 1698 1020 esse
1742 954 2033 1037 videtur,
2096 962 2169 1019 ut
2225 956 2356 1021 iam
2401 959 2509 1022 vel
2571 978 2770 1022 caeco
2834 957 3222 1023 illucescere

533 1064 805 1146 debeat,
865 1065 1020 1152 quid
1080 1065 1166 1130 sit
1224 1065 1386 1132 illud
1445 1057 1892 1153 ἆπόπτυγμα.·
1959 1089 2194 1154 nempe
2258 1069 2421 1133 nihil
2492 1069 2669 1134 aliud
2729 1071 2850 1134 nisi
2909 1070 3055 1156 ipsa
3112 1069 3226 1134 illa

535 1177 847 1264 duplicati
880 1177 1160 1243 chitonis
1194 1176 1566 1265 dependula
1596 1200 1770 1266 pars.
1832 1179 2077 1265 Fingas
2112 1186 2330 1245 autem
2363 1181 2484 1245 tibi
2514 1202 2787 1247 necesse
2824 1187 2926 1246 est
2957 1203 3227 1247 auream

532 1290 893 1355 Victoriam
978 1290 1157 1356 illam
1243 1312 1328 1355 ex
1401 1292 1708 1379 exemplo
1786 1291 2124 1358 Victoriae
2207 1292 2621 1378 Megarensis
2709 1292 3040 1378 (Mittheil.
3122 1294 3229 1357 des

532 1401 841 1469 archaeol.
889 1403 1102 1468 Ins-tit.
1149 1403 1269 1470 VI.
1323 1406 1472 1469 1881
1533 1411 1578 1469 t.
1631 1409 1729 1472 10.
1783 1407 1917 1492 11),
1981 1407 2192 1471 cincto
2254 1407 2512 1471 chitone
2561 1428 2759 1492 supra
2806 1413 3227 1493 apoptygma,

533 1517 628 1580 ita
683 1522 756 1581 ut
815 1517 883 1580 in
943 1516 1256 1581 lateribus
1329 1538 1528 1604 super
1590 1517 1852 1603 cingulo
1914 1539 2194 1603 magnae
2255 1518 2406 1584 illae
2478 1513 2775 1596 στολίδες
2843 1518 3227 1584 existerent.

532 1626 633 1692 Ea
692 1633 912 1693 autem
964 1631 1450 1715 apoptygmatis
1506 1652 1681 1716 pars,
1742 1651 1909 1716 quae
1958 1631 2222 1716 cingulo
2286 1652 2416 1695 non
2473 1630 2955 1711 continebatur,
3020 1631 3224 1695 libere

532 1739 877 1821 volitabat,
936 1737 1213 1825 ideoque
1260 1741 1611 1826 separatim
1660 1742 2124 1807 conficiebatur
2169 1743 2251 1807 ab
2298 1742 2588 1824 artifice,
2650 1748 2716 1806 et
2759 1742 2926 1807 haec
2973 1742 3118 1827 ipsa
3162 1743 3225 1805 in

531 1852 739 1916 titulis
773 1857 1169 1918 recensetur.
1256 1851 1696 1917 Nihilominus
1728 1858 1948 1918 tamen
1982 1858 2186 1918 totam
2219 1853 2611 1939 deplicatam
2657 1858 2913 1940 partem
2945 1853 3226 1918 chitonis

532 1963 644 2027 illo
714 1963 975 2030 nomine
1036 1963 1507 2049 designandam
1573 1986 1722 2031 esse
1777 1963 1972 2030 docet
2037 1966 2183 2050 ipsa
2246 1958 2657 2051 ἆπόπτυγμα
2715 1986 2865 2031 vox.
2911 1960 3229 2031 πτύσσειν

532 2075 706 2140 enim
779 2074 1015 2141 dicitur
1085 2077 1167 2142 de
1230 2076 1524 2142 vestibus
1603 2077 2087 2163 complicandis.
2199 2075 2308 2140 Sic
2365 2076 2806 2164 Apollodorus
2888 2076 3228 2162 Carystius

530 2187 887 2270 (Meineke‚
910 2188 1171 2271 Fraym.
1204 2186 1370 2253 Gom.
1397 2187 1621 2252 Graec.
1638 2187 1836 2276 IV.p.
1854 2192 2037 2271 440):
2069 2183 2188 2276 τὴν
2206 2185 2521 2272 ἐπωμίδα
2542 2184 2910 2269 πτύξασα
2935 2189 3232 2277 διπλῆν

530 2291 788 2365 ἄνωθεν
843 2294 1418 2386 ἕνεκομβωσάμην,
1491 2301 1585 2365 sic
1648 2300 1715 2365 in
1760 2299 2029 2366 Anthol.
2071 2301 2279 2365 Palat.
2327 2300 2445 2367 VI.
2495 2304 2613 2365 271
2679 2302 2913 2365 mulier
2967 2301 3225 2366 Dianae

530 2409 791 2476 dedicat
843 2408 1119 2477 πέπλων
1176 2404 1396 2497 ὀλίγον
1449 2407 1796 2497 πτύγμα,
1854 2412 1947 2476 sic
2013 2412 2468 2498 lexicographi
2528 2407 2849 2497 πτύγμα
2895 2414 3229 2500 explicant

531 2546 650 2612 per
715 2518 1108 2610 δίπλωμα
1177 2523 1520 2610 (Hesych.‚
1595 2524 1797 2606 Suid.‚
1865 2524 2089 2610 Phot.)
2158 2530 2226 2589 et
2283 2518 2572 2604 πτύξις
2637 2545 2755 2609 per
2820 2518 3230 2601 δι’πλωσις

531 2636 862 2722 (Eustath.
907 2659 970 2723 p.
1005 2636 1314 2722 633.19).
1406 2635 1495 2700 Et
1556 2637 1612 2700 si
1668 2636 1789 2701 hoc
1846 2630 2166 2701 πτύσσειν
2212 2642 2342 2719 est,
2401 2637 2510 2701 vix
2567 2635 2725 2717 scio,
2784 2656 2911 2720 quo
2957 2635 3226 2700 meliore

528 2749 789 2815 nomine
850 2755 1107 2836 partem
1154 2748 1595 2835 dependulam
1652 2747 1966 2834 duplicati
2010 2748 2382 2813 vestimenti
2430 2746 2796 2833 significes,
2844 2768 3036 2832 quam
3085 2747 3226 2832 ipso

529 2861 641 2925 illo
689 2853 1145 2947 ἆπόπτυγμαε
1189 2851 1869 2925 ἄπο-πτύσσεται
1916 2880 2155 2944 nempe
2202 2882 2241 2923 a
2286 2862 2544 2945 proprio
2595 2859 2913 2923 chitone.¹

700 2991 841 3056 Iam
890 2990 1163 3055 verbum
1208 3012 1337 3056 non
1382 2990 1662 3078 amplius
1708 2989 1965 3056 addam.

714 3254 737 3298 ¹.
769 3250 907 3306 Cum
943 3247 1085 3303 mihi
1133 3247 1361 3316 quidem
1410 3247 1602 3302 fulcris
1647 3246 1929 3302 sententia
1974 3245 2229 3315 indigere
2274 3261 2391 3298 non
2427 3244 2714 3311 videatur,
2770 3245 2996 3300 remitto
3041 3246 3221 3301 locum

534 3338 670 3391 Aen.
722 3336 933 3392 Tactic.
982 3337 1277 3391 comment.
1314 3335 1525 3405 poliorc
1560 3353 1613 3405 p.
1638 3335 1961 3389 94.15-95.
1986 3334 2022 3388 4
2057 3334 2336 3397 Hercher„
2381 3332 2480 3386 nbi
2516 3333 2748 3403 legitur:
2786 3373 2800 3388 .
2823 3374 2835 3387 .
2858 3374 2870 3387 .
2910 3336 2986 3394 εἰς
3019 3334 3225 3403 βίβλων

535 3421 854 3497 γράψαντες
898 3421 969 3481 ὥς
1003 3420 1337 3475 λεπτότατον
1381 3439 1627 3494 μακροις
1661 3419 1882 3490 στίχους
1918 3438 2009 3472 και
2057 3417 2227 3472 λεπτᾰ
2269 3418 2601 3490 γράμματα,
2657 3416 2726 3471 ἶν’
2769 3439 2841 3479 ως
2887 3417 3153 3519 ev'pyxotci
3159 3439 3222 3488 τη

526 3511 755 3578 γένηται
787 3508 825 3578 ἦ
862 3507 1146 3577 ἐπιστολή,
1197 3525 1346 3561 ειτα
1383 3505 1488 3560 ἐπι
1534 3509 1618 3578 τῷ
1656 3504 1812 3579 ὤμῳ
1849 3508 1967 3559 τοῦ
1998 3507 2290 3576 χιτῶνος
2323 3505 2722 3571 ὑποθέντες,
2769 3504 2880 3558 και
2921 3501 3221 3560 α’ποπτιΐ-

526 3598 770 3655 ξαντες
818 3596 934 3649 τοῦ
984 3593 1404 3664 χιτωνίσκου
1454 3591 1563 3647 ἐπὶ
1611 3595 1699 3665 τῷ
1744 3611 1892 3664 ωμῳ
1948 3588 2260 3650 ἀνύποπτος
2305 3590 2376 3660 δή
2420 3590 2576 3645 δοκεῖ
2618 3579 2759 3645 εἶναι
2801 3592 2839 3661 ἡ
2880 3592 3082 3663 κομιδή
3130 3594 3223 3661 τῆς

527 3683 811 3753 ἐπίστολῆς
852 3681 944 3736 καὶ
995 3681 1346 3741 ἐνδεδυκότος
1392 3683 1537 3740 τινός
1582 3699 1679 3733 τον
1724 3680 2054 3796 χιτωνίσκον
2101 3678 2193 3732 καὶ
2240 3676 2379 3732 ου’τω
2419 3680 2748 3751 φερομένου.
2819 3677 2924 3732 Hic
2970 3678 3118 3732 enim
3164 3681 3222 3732 et

527 3769 810 3840 Hauptius
847 3773 906 3824 et
941 3770 1250 3825 Hercherus
1285 3787 1386 3839 pro
1425 3772 1713 3837 utroque,
1718 3756 1915 3838 ,ωμος“
1955 3765 2108 3839 ,,ᾠα“
2145 3767 2353 3836 scripto
2391 3761 2761 3819 ἄποπτύσσειν
2784 3765 2844 3819 in
2870 3766 3222 3820 ἐπιπτύσσειν

528 3859 905 3912 mutaverunt
954 3855 1113 3922 Quod
1138 3859 1324 3910 utrum
1361 3857 1509 3910 recte
1544 3856 1779 3910 fecerint
1814 3872 2004 3926 necne,
2031 3873 2157 3910 cum
2192 3853 2482 3908 subseciva
2517 3871 2686 3923 opera
2709 3853 2893 3907 hercle
2922 3852 3220 3907 diiudicari

524 3960 639 3998 non
674 3943 868 4013 possit,
908 3943 1030 3997 loco
1065 3960 1179 3997 non
1214 3944 1357 3998 utar.

699 4047 898 4115 Neque
944 4045 1170 4101 silentio
1218 4045 1667 4117 praetermittere
1720 4062 1944 4115 possum
1998 4045 2058 4098 in
2103 4046 2280 4099 frusto
2332 4043 2574 4112 quodam
2626 4042 2855 4097 tabulae
2899 4046 3217 4096 curatorum

529 4132 823 4188 Brauronii
860 4133 935 4202 (v.
961 4132 1016 4186 h.
1042 4150 1096 4202 p.
1134 4149 1254 4202 cap.
1276 4132 1381 4201 III)
1430 4132 1598 4186 semel
1635 4132 1750 4202 legi
1794 4132 1989 4186 literas
2034 4134 2187 4197 ΥΓΜ,
2232 4130 2436 4200 quibus
2481 4130 2774 4185 Udalricus
2818 4129 3060 4183 Koehler
3092 4130 3216 4198 πτ-]

525 4218 788 4289 praefigit
831 4218 1201 4289 (G.1.A.11.
1240 4219 1340 4272 762
1377 4218 1446 4272 ΙΙ.
1484 4235 1535 4272 v.
1564 4220 1668 4287 15).
1744 4220 1931 4287 Atque
1981 4218 2266 4286 equidem,
2312 4217 2448 4286 quid
2493 4216 2612 4271 illic
2657 4217 2833 4270 latere
2879 4216 3059 4285 possit
3109 4216 3217 4269 nisi

527 4302 886 4375 απόπτυγμα,
932 4304 1137 4360 nescio,
1208 4305 1405 4373 Neque
1441 4304 1591 4358 enim
1626 4303 1720 4358 hic
1755 4306 1819 4357 ut
1854 4303 1915 4357 in
1952 4303 2178 4358 Anthol.
2217 4304 2400 4358 Palat.
2393 4288 2515 4358 ·.VI
2552 4303 2654 4357 271
2691 4303 2761 4356 de
2795 4303 3016 4355 πέπλων
3051 4298 3217 4373 ὀλίγῳ

522 4390 804 4462 πτύγματι
861 4390 1101 4461 cogitari
1150 4391 1352 4460 potest.
1448 4389 1519 4442 Et
1571 4388 1619 4443 si
1671 4389 1988 4459 exemplum
2044 4389 2467 4458 apoptygmatis
2521 4388 2689 4442 soluti
2743 4387 2983 4455 quaeris,
3029 4387 3216 4456 relego

523 4479 583 4531 te
636 4477 709 4531 ad
774 4477 1044 4531 Iunonem
1091 4476 1502 4531 Berolinensem
1563 4475 1887 4543 (Overbeck.
1940 4474 2340 4543 Kunstmythol.
2395 4477 2435 4528 t.
2496 4477 2576 4530 14.
2631 4478 2721 4544 21)
2794 4474 3215 4542 Minervamque

523 4564 608 4618 M.
631 4563 681 4617 d.
709 4563 755 4617 I.
794 4564 887 4617 XI.
925 4566 966 4618 t.
1008 4564 1087 4618 19.
