3875 5392
1828 316 2254 381 ...12-

693 502 965 588 cogitari
1018 503 1242 586 :possit
1270 558 1275 561 .
1305 502 1698 590 Blepyrum‚
1773 526 1918 570 cum
1993 502 2499 594 expergefactus
2564 516 2632 573 et
2707 510 2973 584 immani
3042 507 3386 576 desidendi

694 615 1093 680 necessitate
1141 621 1418 681 vexatus
1462 616 1792 681 himation
1841 624 2218 703 quaereret,
2280 614 2571 685 mulie-ris
2631 621 2977 703 himation‚
3040 606 3211 709 quod
3259 621 3384 693 sibi

690 726 1069 813 impositum
1117 727 1388 809 invenit,
1436 727 1843 814 indignatum
1883 730 2237 813 abiecisse,
2284 732 2435 800 dein
2485 752 2630 799 cum
2674 735 2741 801 in
2786 726 3381 819 caligine'(V.314.

692 836 847 922 315)
910 832 1439 926 ψηλαφιῦν“(ν.
1485 838 1899 927 315)'ipsius
1961 841 2278 905 himation
2333 843 2626 908 invenire
2684 864 2816 909 ιιοιι
2880 850 3132 932 posset,
3203 843 3383 911 aliud

688 950 914 1014 uxoris
970 950 1462 1031 vestimentum,
1526 951 1615 1016 in.
1661 952 1834 1037 quod
1889 954 2249 1033 incideret,
2307 951 2722 1040 arripuisse?
2789 952 3151 1042 Nusquam
3208 957 3382 1021 enim

689 1056 1073 1148 incorpore
1095 1062 1255 1128 illud
1301 1055 1802 1151 ἡμιδιπλοίδιον
1831 1066 2163 1131 invenisse
2196 1088 2267 1130 se
2296 1066 2472 1149 dicit,
2521 1067 2639 1133 sed
2671 1089 2732 1134 v.
2763 1070 2918 1132 317:
2966 1068 3059 1133 λα
3070 1056 3335 1153 μβάνω
3363 1072 3382 1147 l

686 1172 870 1239 τουτὶ
915 1169 991 1240 τὸ
1036 1175 1156 1263 τῆς
1198 1169 1501 1261 γυναικὸς
1544 1168 2047 1289 ἡμιδιπλοίδιον
2093 1176 2159 1243 et
2204 1200 2264 1242 v.
2299 1176 2452 1244 375;
2515 1174 2582 1246 ἐν
2624 1180 2720 1266 τῷ
2766 1174 2979 1247 σκότω
3025 1175 3148 1266 γὰρ
3190 1172 3374 1245 τοῦτ’

686 1280 971 1369 ἔτυχον
1015 1281 1242 1353 ἔνδον
1285 1281 1566 1372 λαβών.
1657 1283 1890 1375 Itaque
1937 1290 2006 1354 id
2051 1295 2306 1354 tantum
2349 1292 2693 1378 postulari
2715 1283 2991 1407 poterit,
3049 1298 3124 1357 ut
3169 1291 3376 1357 hemi-

687 1397 1044 1485 diploidion
1087 1400 1154 1463 in
1198 1400 1343 1488 ipso
1389 1400 1634 1465 lectulo
1679 1402 1784 1465 vel
1828 1423 2070 1489 Ριορε
2084 1403 2387 1467 habuerit
2433 1402 2650 1468 locum
2696 1424 2912 1470 suum

864 1514 1098 1593 Restat
1136 1529 1341 1625 igitur
1381 1550 1579 1595 unum
1629 1534 2107 1616 argumentum,
2138 1554 2282 1617 quo
2328 1533 2462 1597 niti:
2480 1533 2596 1597 illi·
2609 1533 2895 1633 possint-z
2946 1518 3375 1631 ἀμπέχεσθαι
3414 1527 3420 1533 ’

686 1664 839 1725 vox,
884 1664 1054 1745 quae
1096 1643 1184 1708 de
1233 1643 1601 1708 chitonibus
1651 1642 1998 1708 induendis
2043 1665 2176 1710 non
2221 1646 2519 1731 usurpari
2567 1644 2753 1739 solet.
2845 1643 2932 1708 Et
2978 1644 3129 1709 huic
3177 1666 3373 1730 argu-

686 1756 943 1821 mento
938 1755 1102 1823 veri
1164 1755 1414 1842 aliquid
1454 1756 1683 1822 inesse
1738 1778 1866 1822 non
1924 1758 2184 1842 negem.
2271 1756 2375 1821 Ita
2434 1756 2610 1822 enim
2658 1778 2766 1821 res
2799 1776 2963 1822 sese
3007 1755 3242 1837 habet
3304 1764 3378 1821 ut

685 1865 890 1937 Attici
946 1869 1296 1955 scriptores
1355 1868 1848 1934 accuratissime
1906 1875 2172 1936 servent
2230 1869 2578 1934 discrimen
2638 1869 2811 1955 quod
2870 1870 3150 1934 interest
3205 1848 3378 1933 inter

685 1973 1125 2049 ἐνδύεσθαι
1170 1986 1238 2045 et
1280 1972 1809 2064 ἀμπέχεσθαι
1834 2002 2056 2063 voees,
2105 2003 2378 2079 quarum
2412 1981 2573 2046 haec
2608 1996 2868 2069 semper
2900 1979 2980 2047 de
3011 1980 3373 2068 perible—

684 2092 947 2174 matis,
986 2093 1117 2157 illa
1163 2113 1440 2179 semper
1471 2092 1553 2158 de
1602 2092 2060 2179 endymatis
2103 2100 2501 2181 usurpatur.
2533 2095 2650 2158 Ac
2694 2093 2853 2158 mihi
2898 2093 3180 2179 quidem,
3229 2115 3373 2159 cum

682 2221 722 2266 e
766 2201 1202 2301 scriptoribus
1257 2202 1729 2300 posterioribus
1783 2205 2115 2268 nonnulla
2170 2205 2502 2290 exempla
2511 2202 2809 2271 vocum
2827 2211 3370 2272 commutatatum

685 2314 1188 2399 (ιοιιξειιιειειίιιι,ι
1216 2314 1494 2378 nullum
1541 2313 1714 2413 apud
1759 2314 2053 2381 Atticum
2101 2317 2486 2415 scriptorem
2529 2317 2821 2383 invenire
2871 2318 3168 2402 contigit.
3259 2316 3370 2396 Ut,

682 2426 838 2492 licet
869 2426 1147 2491 afferant
1179 2426 1302 2490 hoc
1333 2447 1537 2491 unum
1568 2429 1943 2515 exemplum
1978 2430 2086 2515 qui
2118 2428 2572 2515 diligentiores
2602 2431 2801 2495 sunt
2785 2453 2851 2495 ιιι
2896 2427 3370 2517 perscrutando

683 2560 771 2585 ³—-
816 2537 1172 2624 spondeam
1218 2518 1438 2603 autem
1483 2538 1603 2603 tibi
1646 2540 1988 2606 rarissima
2032 2563 2112 2606 ea
2165 2541 2305 2607 fore
2352 2544 2638 2624 —‚·.hoc
2680 2543 2939 2609 fortiter
2984 2543 3372 2609 contendam

682 2649 751 2713 in
809 2649 1036 2715 fabula
1078 2649 1570 2735 Aristophaneo.
1628 2651 1871 2716 'merito
1936 2650 2271 2719 offendere
2336 2634 2652 2741 suamque
2714 2677 2832 2721 suo
2900 2654 3041 2721 iure
3098 2676 3370 2740 poscere

682 2761 1192 2849 explicationem
1236 2753 1663 2844 ἀμπέχεσθαι
1700 2784 1933 2829 vocem
1966 2763 2068 2829 bis
2102 2765 2197 2830 de
2247 2765 2597 2852 endymate
2643 2774 3026 2853 usurpatam
3059 2774 3126 2831 et
3167 2769 3369 2833 semel

680 2872 944 2958 quidem
988 2894 1195 2960 prope
1243 2873 2183 2963 coniunctam<·cum‘·propria
2223 2860 2619 2943 ·ἕνδύεσθαι;
2680 2873 2768 2946 τὸ
2827 2862 3372 2964 κροκωτίδιον

676 2976 1328 3068 ἀμπισχόμενος,
1390 2976 1851 3053 οὑνδύεται.
1955 2988 2043 3053 Et
2085 2989 2367 3077 accipiet
2414 2976 2939 3078 explicationem.
3047 2991 3368 3056 Nimirum

684 3096 1015 3182 Blepyrus
1063 3118 1208 3162 eam
1240 3102 1515 3179 vestem,
1563 3120 1757 3183 quam
1790 3122 1960 3165 uxor
1990 3101 2219 3184 induit,
2272 3103 2604 3169 chitonem
2639 3125 2794 3189 ergo
2826 3105 3369 3189 qualemcunque,

680 3208 969 3273 himatii
1006 3209 1215 3273 instar
1277 3209 1401 3274 sibi
1472 3210 1830 3275 circumicit
1891 3248 1975 3258 -—-
2032 3205 2398 3296 ἀμπέχεται
2459 3247 2543 3262 --
2605 3215 2917 3302 temporis
2983 3214 3367 3311 difficultate

678 3299 981 3385 coactus.
1065 3318 1210 3393 Quo
1283 3320 1513 3385 habitu
1579 3328 1734 3387 ante
1805 3323 2032 3388 oculos
2099 3324 2318 3409 posito
2389 3363 2473 3372 —-
2541 3331 2807 3412 reputes
2863 3304 3083 3392 autem
3147 3302 3366 3393 tecum

681 3431 1008 3496 chitonem
1067 3431 1152 3496 ob
1213 3431 1489 3496 formam
1549 3432 1901 3519 oblongam
1960 3435 2394 3520 perexiguam
2454 3418 2707 3501 tantum
2764 3438 3055 3524 corporis
3114 3445 3368 3526 partem

678 3528 910 3628 tegere
955 3563 1188 3629 posse,
1250 3544 1305 3608 si
1364 3544 1834 3625 circumicitur,
1894 3546 2116 3631 itaque
2175 3554 2243 3611 et
2297 3547 2716 3613 Chremetem
2773 3549 2837 3612 in
2884 3548 3156 3636 Blepyri
3215 3572 3368 3615 con-

676 3652 952 3719 sidentis
1020 3676 1291 3741 corpore
1367 3656 1694 3722 advers0²
1761 3664 2108 3743 angustam
2175 3666 2428 3725 tantum
2507 3661 2827 3726 laciniam
2867 3662 3121 3726 funesti
3183 3664 3366 3727 illius

681 3766 918 3833 coloris
966 3767 1347 3854 conspicere
1394 3807 1477 3815 —
1520 3769 1726 3835 multo
1773 3770 2009 3874 melius
2053 3771 2443 3877 intelligitur
2486 3773 2681 3837 vicini
2728 3773 3054 3860 quaestio:

674 3877 779 3963 (Y
820 3876 975 3964 328)
1405 3943 1560 4014 εἰπέ
1598 3973 1718 4033 μοι

1110 4055 1178 4125 τί
1220 4054 1415 4127 τοῦτό
1461 4081 1570 4127 σοι
1613 4055 1691 4127 τὸ
1738 4055 1983 4148 πυρῤόν
2027 4058 2239 4142 ἑστινς
2285 4054 2364 4128 οὕ
2405 4059 2475 4128 τί
2519 4087 2652 4130 που
2699 4141 2703 4145 4

1110 4168 1433 4259 Κινησίας
1476 4193 1596 4239 σου
1640 4169 2142 4261 κατατετίληκέν
2185 4179 2433 4255 ποθενς

1008 4288 1093 4295 —-

774 4386 781 4391 .
857 4342 873 4376 ¹
911 4342 1126 4396 ἐνδόειν
1170 4343 1239 4397 de
1282 4343 1520 4398 himatio
1567 4347 1898 4414 usurpatum
1949 4344 2168 4400 invenis
2213 4345 2429 4399 Aelian.
2467 4345 2533 4400 V.
2567 4346 2635 4399 H.
2675 4347 2793 4400 VII.
2832 4348 2881 4402 6.
2941 4347 3155 4417 Evang.
3177 4348 3363 4403 Marc..

674 4430 723 4483 c.
763 4429 845 4483 15.
882 4447 933 4483 v.
971 4430 1034 4483 17
1073 4429 1217 4495 (coll.
1254 4428 1464 4500 Evang.
1489 4430 1692 4485 Matth.
1730 4448 1775 4485 c.
1801 4432 1886 4484 27.
1926 4448 1977 4485 v·
2004 4433 2112 4500 28).
2151 4427 2426 4501 ἀμπέχειν
2460 4431 2530 4486 de
2567 4432 2792 4487 chitone
2828 4433 3071 4487 adhibiti
3110 4435 3366 4504 exempla

677 4513 884 4569 habeas
917 4515 1122 4569 Athen.
1146 4534 1200 4585 p.
1224 4516 1328 4572 590
1346 4516 1384 4571 f.
1412 4516 1734 4587 (ἐχέσαρκον
1755 4515 1864 4587 γὰρ
1888 4517 2151 4587 χιτώνιον
2182 4511 2510 4587 ἠμπείχετο)
2546 4514 2605 4572 et
2635 4517 2918 4575 Plutarch.
2946 4519 3123 4574 Alcib.
3144 4538 3187 4573 e.
3209 4521 3292 4574 32.
3314 4521 3362 4574 2.

677 4598 871 4655 Mor-al.
896 4601 1001 4655 596
1034 4600 1084 4654 D
1110 4630 1173 4641 -
1197 4601 1295 4670 qui
1332 4601 1657 4671 ceteroquin
1693 4605 1879 4657 servat
1914 4602 2212 4657 discrimen
2237 4619 2455 4667 vocum,
2492 4603 2586 4657 cfr.
2626 4603 2835 4673 Agesil.
2860 4623 2904 4661 c.
2927 4606 3025 4663 14.
3063 4606 3149 4660 36.
3208 4606 3363 4660 Aem.

676 4686 875 4806 Pauu'
895 4686 1297 4829 ‹31‘1133’dsserso
1334 4788 1584 4843 corpore:
1631 4771 1891 4842 pathicus
1926 4773 2074 4829 enim
2113 4777 2200 4829 est
2235 4774 2513 4842 Κινησίας-Σ
