3875 5392
1632 405 2060 474 ....31.....

589 584 599 593 ’
673 583 1033 658 Praeterea
1091 591 1272 659 aliud
1333 596 1655 680 quoddam
1716 601 2088 687 ependyma
2131 600 2385 688 priscus
2445 598 2555 669 ille
2602 599 2858 671 doricus
2906 598 3184 671 vestitus

495 703 701 786 novit,
748 702 921 789 quod
967 704 1216 771 formae
1265 713 1332 771 et
1378 710 1611 775 rationi
1656 712 1881 778 Dorici
1944 714 2221 779 chitonis
2268 715 2515 801 optime
2563 719 2902 800 convenit,
2947 740 3185 805 nempe

493 816 686 901 plane
717 814 945 881 Dorici
979 817 1260 883 chitonis
1290 821 1357 884 in
1389 823 1651 888 modum
1686 826 2056 893 confectum
2089 828 2154 891 in
2189 827 2407 893 media
2435 828 2577 893 fere
2620 849 2809 893 crura
2839 829 3186 895 descendit

494 936 609 992 aut
639 930 934 994 clausum
966 929 1031 993 in
1068 931 1276 996 latere
1306 934 1513 999 altero
1547 944 1660 1002 aut
1693 946 2013 1024 apertum.
2080 940 2179 1005 Ac
2212 947 2364 1005 sunt
2395 941 2519 1004 hae
2551 939 2692 1005 fere
2723 940 2974 1005 formae
3011 944 3180 1008 eius:

599 2923 651 2988 Ι.
702 2924 997 2988 circum
1046 2924 1398 2987 clausum
1445 2928 1596 2987 est:

799 3041 854 3102 1.
901 3041 1304 3122 apoptygma
1347 3041 1648 3122 apertum
1696 3033 2052 3121 (Gerhard.
2082 3034 2165 3099 A.
2200 3034 2389 3099 V.-B.
2422 3040 2467 3102 t.
2509 3039 2842 3101 122—123
2869 3068 2950 3091 =
2974 3038 3077 3119 fiq.
3104 3037 3171 3121 5)

792 3150 854 3210 2.
1074 3195 1112 3231 ,,
1347 3149 1641 3214 clausum
1696 3146 1723 3232 (
1858 3197 1896 3230 ‚‚
2205 3197 2243 3230 ‚‚
2417 3153 2465 3213 t.
2506 3152 2618 3213 121
2658 3183 2737 3204 =
2769 3151 2873 3232 fia.
2906 3151 2976 3235 6)

562 3258 650 3324 II.
698 3258 770 3323 in
819 3259 1076 3323 altero
1122 3260 1381 3324 latere
1428 3265 1786 3346 apertum
1832 3266 1983 3326 est:

800 3376 854 3436 1.
902 3377 1297 3458 apoptygma
1343 3378 1641 3457 apertum
1688 3370 2043 3459 (Get-hard.
2074 3371 2158 3436 A.
2193 3370 2379 3436 V.-B.
2413 3378 2460 3440 t.
2498 3376 2574 3436 13
2607 3406 2686 3427 =
2719 3374 2822 3456 fiiq.
2858 3377 2922 3452 7,·
2954 3372 3065 3459 55)

794 3486 852 3548 2.
1075 3533 1113 3565 ,,
1346 3484 1642 3548 clausum
1697 3482 1724 3569 (
1857 3531 1895 3565 ‚,
2202 3533 2240 3566 ‚‚
2416 3491 2461 3550 t.
2495 3487 2619 3548 266
2654 3517 2734 3539 =
2765 3485 2869 3567 ῆς.
2902 3484 2974 3571 8)

525 3594 651 3659 ΙΙΙ.
697 3595 775 3660 in
821 3595 1089 3690 antica
1135 3601 1362 3681 parte
1407 3600 1769 3681 apertum
1817 3601 1946 3660 est
1991 3594 2134 3682 (?).²

667 3839 683 3869 ¹
720 3835 1187 3906 Interrogationis
1239 3834 1402 3905 signo
1448 3834 1741 3890 scissuram
1791 3833 1853 3888 in
1900 3834 2093 3890 antica
2142 3837 2301 3906 parte
2349 3835 2688 3906 significavi,
2733 3837 2868 3908 quia
2915 3837 3170 3908 exempla

485 3919 636 3975 omni
672 3921 1030 3977 dubitatione
1067 3923 1289 3976 exemta
1323 3938 1435 3975 non
1473 3919 1679 3976 inveni.
1734 3920 1880 3974 Nam
1918 3920 2054 3975 licet
2086 3908 2161 3974 Ε.
2186 3921 2304 3976 (7.1.
2329 3924 2370 3975 t.
2392 3922 2475 3990 54,
2496 3923 2581 3988 60,
2600 3924 2684 3987 89,
2723 3925 2873 3977 Mus.
2907 3924 3060 3991 (ἶνες.
3099 3924 3167 3976 11.

482 4010 523 4061 t.
548 4009 631 4062 27.
653 4008 724 4062 2a
760 4011 1109 4079 apoptygma
1140 4008 1200 4061 in
1229 4008 1420 4062 antica
1455 4009 1616 4077 parte
1641 4009 1898 4078 apertum
1923 4006 2139 4078 pictum
2165 4007 2264 4062 sit:
2302 4010 2486 4063 cetera
2521 4011 2905 4079 superularum
2943 4010 3169 4065 illarum

482 4112 610 4164 pars
646 4097 703 4164 (a
734 4095 963 4165 cingulo
997 4094 1068 4148 ad
1094 4094 1283 4164 pedes)
1320 4094 1404 4149 ita
1440 4094 1594 4164 picta
1624 4097 1724 4158 est,
1762 4111 1827 4148 ac
1852 4095 1898 4149 si
1930 4095 1991 4148 in
2016 4095 2192 4150 latere
2215 4095 2384 4150 scissa
2419 4095 2495 4149 sit
2518 4125 2584 4135 --
2610 4097 2715 4150 scis
2752 4096 2899 4151 enim
2947 4097 3167 4152 etiamsi

481 4199 712 4251 corpora
737 4198 770 4235 a
795 4182 938 4236 collo
975 4181 1048 4236 ad
1073 4182 1362 4253 cingulum
1401 4199 1467 4237 ex
1505 4182 1737 4236 adversa
1762 4186 1925 4252 parte
1960 4184 2466 4252 repraesentantur,
2502 4185 2692 4236 tamen
2727 4183 2860 4237 inde
2883 4200 2918 4237 a
2942 4183 3169 4254 cingulo

480 4286 515 4322 a
549 4269 726 4322 latere
761 4268 914 4338 fingi.
985 4268 1240 4324 Debebat
1274 4271 1465 4324 autem
1501 4268 1704 4323 artifex
1738 4269 1799 4322 in
1837 4267 2105 4338 exemplis
2142 4285 2311 4338 supra
2345 4267 2535 4323 allatis
2567 4272 2778 4324 vestem
2814 4270 2874 4323 in
2906 4270 3168 4325 inferiore

480 4371 708 4424 corpore
743 4354 828 4409 ita
863 4355 1089 4425 fingere,
1127 4357 1193 4410 ut
1229 4355 1496 4411 Gerhard.
1522 4357 1593 4412 A.
1629 4356 1779 4410 V.-B.
1807 4358 1846 4411 t.
1874 4356 1976 4410 140
2014 4354 2325 4423 (Maenadis
2358 4343 2491 4409 ante
2527 4356 2860 4411 curriculum
2886 4357 3168 4411 chitonem

479 4441 643 4510 dico),
680 4427 756 4498 Ε.
778 4440 834 4495 C.
861 4440 902 4495 Ι.
923 4444 963 4495 t.
990 4442 1058 4495 62
1094 4441 1401 4509 (Minervae
1426 4441 1708 4497 nascentis
1735 4442 2108 4512 superulam):
2147 4441 2239 4497 hic
2274 4443 2464 4497 autem
2501 4458 2688 4496 rursus
2724 4445 3071 4514 apoptygma
3106 4442 3167 4495 in

477 4529 653 4583 latere
690 4527 919 4583 scissum
957 4529 1060 4583 est.
1129 4527 1247 4598 Ego
1292 4527 1429 4597 quid
1478 4531 1724 4583 statuam
1767 4544 1880 4583 non
1922 4529 2130 4584 habeo:
2181 4530 2432 4583 attamen
2481 4527 2632 4583 haud
2670 4528 2783 4583 scio
2826 4546 2899 4584 an
2937 4528 3168 4599 pictoris

651 4700 894 4754 Omnino
931 4699 1092 4754 nulla.
1126 4703 1348 4770 praeter
1384 4718 1451 4756 ea
1486 4717 1631 4770 quae
1667 4701 1838 4756 attuli
1886 4700 2220 4756 indumenta
2254 4702 2418 4771 gesta
2454 4717 2570 4755 esse
2605 4717 2718 4756 non
2754 4702 3165 4758 contenderim:

477 4788 582 4843 hoc
617 4789 807 4841 tamen
847 4787 1219 4842 certissimum
1268 4787 1436 4856 plane
1483 4788 1735 4842 diversae
1771 4789 2011 4854 formae,
2068 4790 2124 4841 et
2158 4804 2304 4856 quae
2347 4804 2461 4842 non
2496 4787 2815 4842 concineret
2857 4791 3165 4844 ceterorum

477 4874 704 4939 rationi,
756 4875 915 4928 nulla
951 4875 1010 4928 in
1048 4891 1150 4928 usu
1187 4874 1370 4929 fuisse.
1445 4875 1628 4929 Dorici
1667 4874 1909 4930 chitonis
1947 4876 2125 4929 forma
2160 4891 2219 4929 se
2256 4874 2648 4939 continebant,
2706 4892 2876 4943 quam
2915 4876 3007 4930 hic
3044 4876 3164 4931 illic
