3875 5392
714 2111 1063 2206 Aratrum
1101 2159 1352 2204 novans
1398 2136 1777 2203 desiderare
1824 2157 1966 2201 rem
1997 2135 2370 2200 vestiariam
2403 2133 2828 2216 Graecorum,
2877 2155 3045 2221 quae
3079 2156 3224 2201 sae-

540 2269 683 2355 pius
727 2290 884 2334 sane
923 2282 1007 2334 ‘ac
1053 2275 1318 2334 strenue
1365 2274 1434 2334 at
1476 2267 1650 2334 hand
1699 2287 2011 2353 prospere
2059 2273 2281 2332 tamen
2328 2265 2541 2331 adhuc
2587 2268 2867 2331 tractata
2914 2272 3033 2347 est,
3081 2267 3225 2351 quis

544 2404 649 2463 est
693 2398 804 2484 qui
850 2403 1088 2484 neget?
1178 2388 1591 2481 Quamquam
1635 2416 1768 2461 non
1815 2396 2001 2461 stetit
2045 2416 2254 2481 penes
2299 2396 2476 2460 viros
2521 2396 2673 2460 illos
2720 2395 2983 2477 doctos,
3033 2396 3141 2480 qni
3188 2417 3227 2460 a

543 2526 896 2609 Salmasio,
943 2525 1282 2606 FerrariO,
1327 2524 1633 2590 Rubenio
1687 2544 1895 2610 usque
1953 2523 2055 2588 ad*
2081 2522 2546 2610 Boettigerum
2592 2518 2658 2588 et
2702 2523 3097 2589 Muellerum
3143 2524 3225 2589 de

539 2656 945 2721 vestimentis
979 2655 1380 2721 Graecorum
1428 2673 1644 2740 egere,
1693 2653 1849 2737 quin
1881 2672 2116 2716 munus
2165 2658 2543 2737 susceptum
2591 2651 2890 2716 omnibus
2937 2652 3226 2717 numeris

541 2790 977 2869 praestarent.
1049 2784 1223 2859 Quid
1265 2778 1459 2868 enim,
1504 2786 1560 2849 is
1595 2785 1702 2869 qui
1733 2786 2150 2850 versantibus
2195 2785 2261 2848 in
2306 2785 2490 2850 hisce
2525 2760 3015 2869 quaestionibus
3059 2806 3226 2849 unus

542 2914 690 2977 fluit
735 2919 802 2979 et
833 2906 1180 2978 continuus
1229 2918 1296 2978 et
1338 2914 1498 2978 satis
1544 2913 1763 2998 largus
1807 2906 2055 2996 ubique
2099 2918 2166 2977 et
2198 2913 2354 2977 satis
2383 2911 2694 2997 limpidus
2727 2912 2895 2992 fons,
2942 2913 3069 2985 illis
3115 2919 3228 2977 aut

544 3042 805 3108 omnino
850 3065 979 3108 non
1011 3036 1279 3130 apertus'
1325 3036 1469 3108 erat
1513 3047 1626 3107 aut
1671 3034 1936 3128 parcam
1968 3048 2337 3107 tantum”et
2374 3036 2699 3107 turbidam
2733 3062 2965 3125 aquam
3013 3042 3223 3106 misit:

542 3192 780 3258 nempe
810 3193 1041 3239 vasum
1082 3172 1378 3237 fictilium
1412 3172 1782 3244 Atticorum
1813 3165 2047 3257 ingens
2095 3172 2302 3258 copia,
2349 3191 2516 3257 quae
2550 3191 2685 3234 una
2721 3170 2901 3235 ‘serie
2948 3191 2990 3234 a
3034 3176 3225 3235 sexto

542 3299 602 3365 ass
637 3300 710 3368 O.
745 3323 809 3368 n.
858 3302 1126 3368 saeculo
1172 3307 1458 3366 exeunte
1503 3321 1713 3386 usque
1760 3300 1843 3365 ad
1890 3301 2106 3386 quarti
2151 3300 2347 3365 finem
2395 3296 2765 3365 decurrunt.
2833 3296 3086 3371 Quibus
3118 3299 3226 3383 qui

544 3428 876 3511 carebant,
932 3426 1202 3515 prorsus
1256 3429 1593 3494 abstinere
1651 3429 1858 3494 coacti
1907 3434 2096 3493 erant
2149 3449 2229 3493 ea
2284 3428 2696 3513 quaestione,
2751 3448 2917 3511 quae
2972 3434 3041 3493 et
3095 3442 3228 3492 una

542 3557 738 3623 latius
770 3561 973 3644 pat-et,
1015 3564 1088 3623 'et
1117 3558 1199 3624 de
1234 3574 1362 3644 qua
1388 3558 1550 3624 mire
1589 3578 1781 3644 quam
1811 3558 2020 3622 multa
2050 3557 2361 3643 pendent,
2402 3556 2547 3622 dico
2579 3557 2916 3622 historiam
2947 3558 3225 3623 vestitus

546 3687 1066 3753 examinandam.
1155 3680 1326 3753 Nam
1384 3709 1464 3753 ea
1519 3708 1685 3773 quae
1741 3689 1808 3751 in
1867 3686 2243 3752 enchiridiis
2289 3686 2532 3751 nostris
2579 3691 2973 3769 tractantur,
3030 3705 3224 3772 quem

542 3816 760 3882 hercle
826 3818 1051 3883 iuvant
1112 3824 1378 3904 praeter
1448 3818 1852 3902 antiquitatis
1912 3816 2279 3882 studiosos?
2381 3816 2475 3880 At
2535 3817 2661 3881 hoc
2727 3818 3000 3882 interest
3066 3808 3222 3882 artis

540 3942 1078 4031 intelligentium,
1154 3946 1428 4011 interest
1500 3946 1989 4025 historicorum,
2067 3946 2342 4010 interest
2420 3944 2846 4010 eruditiorum
2913 3946 3221 4028 omnium,

542 4044 837 4138 diversas
879 4094 1116 4159 nempe
1146 4074 1214 4138 in
1245 4068 1518 4158 singulis
1553 4068 1879 4137 aetatibus
1909 4074 2189 4138 vestitus
2221 4073 2508 4137 rationes
2541 4093 2957 4157 cognoscere,
3005 4073 3222 4138 videre

542 4198 685 4288 quo
715 4200 876 4269 fiant
917 4202 1112 4267 modo
1157 4203 1586 4283 mutationes,
1636 4223 1871 4266 causas
1918 4221 2144 4265 earum
2190 4200 2573 4285 intelligere.

714 4327 815 4396 Ac
840 4352 845 4357 ·
871 4325 1245 4417 neglectae>
1276 4331 1671 4395 mutationes
1733 4331 2015 4396 vestitus
2083 4351 2388 4415 magnam
2448 4335 2701 4415 partem
2761 4324 2902 4394 eius
2958 4348 3222 4415 operae,

540 4457 737 4545 quam
767 4461 889 4526 viri
923 4460 1099 4527 doct-i
1130 4458 1196 4525 in
1228 4481 1299 4527 re
1324 4461 1635 4526 vestiaria
1665 4453 2075 4526 illustranda
2094 4461 2598 4541 collocaverunt,
2627 4460 2874 4525 irritam
2904 4460 3220 4525 fecerunt.

538 4588 709 4654 Nam
767 4590 994 4655 inutile
1051 4596 1183 4655 est?
1221 4584 1436 4674 n'eque
1506 4590 1851 4675 quicquam
1910 4590 2088 4654 valet
2159 4588 2492 4654 delineare
2555 4595 2783 4675 typum
2843 4587 3220 4673 generalem

536 4714 834 4797 vestitus:
876 4718 960 4783 ab
1005 4714 1284 4784 Homeri
1334 4712 1557 4785 ‘aetate
1613 4719 1695 4784 ad
1742 4718 2352 4805 lexicographorum
2385 4739 2646 4803 usque,
2710 4713 2765 4782 si
2828 4716 2926 4792 dis
2983 4717 3221 4802 placet,

539 4852 836 4934 tempora
883 4868 923 4912 a
952 4846 1224 4914 Graecis
1274 4850 1536 4933 gestati,
1585 4842 1733 4913 cum'
1772 4841 1901 4913 iam
1949 4841 2102 4912 ante
2149 4848 2354 4933 quinti
2385 4846 2867 4913 'saecul‘i‘finem
2915 4853 3014 4912 ter
3060 4840 3219 4930 quass-

2880 4966 2909 5017 1
