3875 5392
1754 300 2183 361 ..24...

630 510 709 552 ne
758 495 986 552 eontra
1033 510 1136 552 me
1184 488 1306 552 hoo
1350 490 1570 555 utaris,
1670 488 1823 555 Etsi
1864 488 2038 553 enim
2086 509 2204 552 nos
2248 487 2443 552 bodio
2491 486 2817 552 interdum
2851 487 3317 567 dubitabimus,

630 606 847 664 utrum
879 621 1119 664 nomen
1150 600 1611 665 adhibeamus:
1662 606 1998 665 curatores
2031 599 2375 664 Brauronii
2407 620 2537 662 non
2568 598 3056 681 dubitaverunt,
3101 601 3315 666 oredo.

629 711 768 776 Nos
817 711 1009 777 hodie
1070 713 1360 777 contenti
1419 713 1659 793 erimus
1720 712 1788 776 in
1835 714 2216 777 universum
2262 712 2732 792 constituisse‚-
2768 710 3146 778 distinxisse
3205 734 3318 777 eos

633 824 806 889 inter
862 819 1245 906 χιτωνίσκος
1294 862 1370 870 -
1414 819 1611 904 χιτών
1647 863 1724 872 —-
1761 819 2094 906 χιτώνιον,
2168 830 2235 889 et
2304 823 2628 910 quomodo
2694 823 2834 889 fere
2903 823 3322 890 distinxerint

637 937 845 1001 secuti
892 936 1031 1001 sine
1078 935 1277 1001 dubio
1327 937 1676 1002 severioris
1726 938 2049 1003 sermonis
2094 959 2308 1003 usum.

851 1048 1052 1114 Cuius
1101 1070 1254 1114 usus
1310 1051 1377 1113 in
1423 1070 1689 1114 causam
1735 1050 2066 1136 inquirere
2111 1070 2283 1114 nune
2330 1056 2879 1135 nequeoyu'num
2938 1054 3153 1113 tamen
3202 1048 3316 1113 ad-

631 1168 899 1225 monere
959 1168 1092 1226 noti
1146 1163 1698 1247 praetermittam,
1768 1162 1833 1225 id
1887 1163 2063 1243 dieo,
2137 1161 2311 1247 quod
2387 1158 2689 1226 similiter
2757 1154 3055 1241 χιτώνιον
3108 1160 3320 1225 forma

631 1272 925 1338 adhibita
982 1273 1139 1338 mihi
1196 1294 1345 1339 esse
1392 1274 1678 1355 videtur,
1743 1295 1819 1339 ae
1884 1269 2278 1339 διπλοίδιον.
2369 1272 2515 1337 Non
2572 1271 2636 1336 id
2695 1271 3049 1358 diploidum
3107 1294 3317 1357 genus

632 1380 1008 1452 διπλοίδιον
1052 1406 1183 1449 vox
1230 1384 1579 1470 signifieat,
1626 1385 1797 1472 quod
1846 1410 1886 1451 a
1930 1386 2315 1452 mulieribus
2362 1386 2645 1469 geritur,
2694 1382 2810 1449 sed
2861 1385 3317 1450 vestimentum

633 1503 909 1562 externa
956 1495 1216 1581 qu'idem
1266 1492 1489 1583 speeie
1538 1490 1937 1562 simillimum
1986 1497 2278 1585 diploidi,
2325 1498 2736 1575 immutatum
2780 1502 3000 1562 tamen
3049 1495 3319 1581 etquod

635 1608 718 1673 ad
766 1615 1158 1674 structuram
1200 1616 1267 1675 et
1315 1608 1485 1695 quod
1531 1609 1614 1674 ad
1649 1610 2002 1675 adhibendi
2049 1611 2364 1674 rationem
2412 1608 2784 1693 (consutum
2836 1613 2935 1673 est
2980 1609 3044 1672 in
3092 1608 3318 1689 latere,

635 1721 918 1807 endyma
946 1721 1191 1786 factum
1223 1720 1376 1806 est).
1446 1721 1555 1786 Sic
1585 1717 1884 1803 χιτώνιον
1914 1743 2172 1809 quoque
2205 1743 2332 1785 non
2365 1742 2592 1787 omnes
2638 1721 2990 1785 muliebres
3024 1718 3318 1784 chitones

636 1833 989 1918 signifieat,
1052 1833 1173 1898 s'ed
1229 1834 1593 1916 ohitonem‚
1662 1834 1774 1919 qui
1838 1857 1880 1899 a
1934 1834 2173 1901 ceteris
2237 1833 2582 1900 manicatis
2635 1838 2704 1899 et
2747 1832 2967 1897 forma
3019 1824 3318 1898 diversus

637 1951 778 2010 erat
809 1950 885 2009 et.
905 1944 1095 2010 aliter
1134 1945 1569 2011 adhibebatur
1600 1944 1873 2032 (fibulae
1892 1945 1959 2033 Ξ).
2007 1946 2106 2012 Ao
2138 1947 2386 2011 formae
2416 1946 2566 2011 illas
2599 1944 3011 2010 diversitates
3043 1944 3320 2010 nominis

634 2057 1150 2123 immutationem
1184 2058 1505 2139 effecisse,
1542 2079 1754 2144 neque
1799 2060 1998 2124 ullius
2041 2059 2353 2125 momenti
2384 2059 2585 2124 fuisse
2631 2058 2813 2122 hane*
2840 2057 2924 2122 ad
2968 2078 3107 2122 rem
3147 2057 3319 2142 quod

635 2169 986 2234 mulierum
1047 2169 1200 2234 illae
1258 2167 1506 2235 formae
1561 2172 1865 2257 propriae
1924 2173 2139 2237 factae
2188 2172 2352 2251 sint,
2409 2172 2533 2237 hoo
2585 2191 3115 2257 unumquemque
3159 2169 3320 2233 mihi

636 2301 1097 2347 concessurum
1145 2303 1292 2347 esse
1339 2302 1553 2368 spem.
