3875 5392
446 4846 605 4897 fs

1786 368 2218 432 ...ι-6...

664 558 986 647 Gerhard.
1012 559 1308 627 A.V.-B.·
1337 563 1384 625 t.
1417 559 1560 638 184,
1606 557 1875 642 virginis
1909 557 1995 621 ib.
2020 563 2066 622 t.
2097 561 2245 637 200,
2277 555 2623 622 Maenadis
2646 542 2730 621 Ε.
2754 554 2822 621 0.
2845 555 2900 621 I.
2931 562 2976 620 t.
3000 557 3083 620 47
3114 548 3355 640 (cincta

662 678 769 739 est
811 676 1009 758 supra
1039 670 1369 757 deplicata
1408 675 1596 755 parte
1628 668 1918 754 diplois),
1964 668 2222 734 Dianae
2273 670 2340 733 in
2391 675 2628 755 ectypo
2659 668 2908 753 Argivo
2939 660 3349 734 nobilissimo

660 784 1073 869 Polystratae
1116 782 1244 871 (Le
1291 781 1425 846 Bas
1442 778 1959 864 -Waddington‚
2027 779 2316 846 Monam.
2368 780 2554 862 ἤρων.
2601 785 2646 845 t.
2686 781 2827 845 102.
2878 778 2965 865 1),
3029 770 3349 867 Steropae

664 917 700 959 e
744 894 1019 981 ‘fastigio
1078 894 1393 959 orientali
1439 892 1809 978 Olympiaci
1867 891 2047 957 Iovis
2118 892 2344 977 templi
2401 889 2743 976 (Ausyrab'.
2807 912 2862 955 v.
2925 889 3215 975 Olympia
3260 893 3349 957 II.

662 1013 708 1072 t.
739 1006 828 1092 6),
886 1014 1247 1072 statuarum
1301 1006 1667 1085 Minervae,
1731 1025 1898 1089 quae
1959 1004 2041 1069 ad
2095 1004 2370 1070 Phidiae
2418 998 2768 1090 Πάρθενον
2823 1003 3148 1069 recedunt
3204 1004 3348 1088 (cfr.

667 1118 1035 1199 Schreiber‚
1081 1117 1399 1183 Abhandl.
1461 1117 1573 1180 der
1624 1116 1824 1180 sciolis,
1874 1115 2210 1181 Gesellsch.
2269 1116 2331 1179 d.
2394 1115 2580 1181 Wtss.
2638 1115 2824 1181 XIX.
2851 1128 2860 1139 “
2886 1114 3085 1203 [Phil.
3132 1115 3349 1180 histor.

674 1228 887 1295 Classe
939 1228 1153 1315 V111.]
1225 1232 1386 1294 1883
1456 1236 1500 1309 t.
1566 1233 1589 1291 1
1638 1250 1731 1313 sq.
1835 1228 2081 1293 Omnes
2158 1228 2409 1325 cinctae
2454 1235 2656 1303 'sunt
2707 1249 2906 1315 supra
2982 1225 3354 1315 dependula

665 1341 940 1428 parte.)¹
1400 1362 1407 1369 ⁸
2569 1356 2582 1365 ·’

668 1500 675 1507 ·
727 1501 734 1509 ’
843 1479 976 1545 Sed
1031 1501 1114 1544 ne
1174 1479 1516 1544 reticuisse
1579 1497 1683 1542 me
1731 1479 1911 1543 locos
1974 1479 2344 1543 sententiae
2409 1499 2597 1544 meae
2645 1484 3089 1566 repugnantes
3137 1474 3349 1542 dicas:

669 1591 999 1656 invenitur
1042 1591 1267 1675 glossa
1310 1589 1484 1676 apud
1530 1589 1984 1655 Herodianum
2037 1589 2303 1673 (Philet.
2337 1611 2401 1675 p.
2437 1592 2562 1655 446
2596 1589 2920 1676 Pierson.)
2967 1582 3351 1676 διπλήὸιον·

672 1696 936 1787 ἱμάτιον
980 1701 1278 1768 διπλοῦν.
1368 1701 1542 1765 Dein
1590 1700 1794 1765 vestis
1856 1700 2152 1786 superior
2197 1701 2428 1765 summi
2473 1702 2794 1786 pontificis
2842 1700 3237 1766 Iudaeorum
3284 1701 3347 1764 in

668 1814 882 1887 lexico
956 1812 1367 1878 Bachmanni
1440 1836 1490 1879 s.
1539 1834 1595 1878 v,
1667 1806 1923 1899 ἕφούθε
1996 1809 2264 1890 διπλοΐς
2337 1818 2643 1895 vocatur,
2723 1813 2896 1900 apud
2972 1813 3354 1878 Cramerum

669 1932 890 1993 autem
936 1926 1004 1989 in
1050 1925 1382 2011 excerptis
1430 1946 1465 1989 e
1515 1923 1784 2009 Georgii
1828 1923 2199 1989 Hamartoli
2247 1922 2572 1989 Chronico
2622 1923 2888 2007 (Anecd.
2918 1944 3121 2007 yraec.
3170 1944 3350 1989 oxon.

668 2016 789 2105 ‘1V.
836 2059 901 2125 p.
932 2036 1087 2122 228)
1134 2030 1556 2102 ὁιπσλόὸιονε2
1610 2036 1979 2121 promiscue
2041 2036 2244 2121 igitur
2296 2041 2571 2121 utraque
2618 2057 2780 2101 voce
2837 2041 3132 2102 utuntur.
3219 2035 3355 2100 Sed

671 2148 832 2215 illud
875 2149 968 2214 nil
1013 2149 1211 2231 valet,
1257 2170 1409 2213 nam
1448 2149 1836 2234 saepissime
1883 2147 2328 2234 lexicographi
2363 2143 2626 2231 ἱμάτιον
2671 2149 2902 2215 latiore
2937 2169 3135 2215 sensu
3164 2168 3353 2213 usur-

671 2266 863 2347 pant,
922 2265 995 2324 ut
1051 2258 1225 2325 idem
1277 2260 1360 2324 sit
1404 2264 1600 2345 atque
1645 2252 1873 2346 ἐσθής.
1964 2257 2051 2322 Et
2096 2257 2269 2343 quod
2315 2256 2398 2323 ad
2443 2260 2751 2325 alterum:
2817 2281 3086 2348 operam
3143 2265 3247 2325 est
3292 2265 3358 2323 et

1010 2436 1087 2445 ...—

855 2555 872 2586 ²
910 2550 1286 2605 Himatiorum
1320 2549 1633 2620 duplicium
1683 2549 1742 2603 in
1778 2551 2019 2618 utroque
2065 2549 2295 2604 humero
2331 2549 2504 2607 fibula
2551 2551 2890 2606 confixorum
2926 2551 3161 2622 fortasse
3206 2546 3363 2605 aliud

672 2628 881 2695 nomen
915 2639 1140 2708 praeter
1161 2637 1425 2706 generale
1457 2635 1602 2689 illud
1626 2626 1904 2702 ,,διπλοΐς“
1942 2634 2103 2690 nobis
2141 2635 2414 2690 traditum
2451 2639 2550 2692 est.
2612 2639 2880 2708 Πτέρυγες
2901 2638 3193 2693 chitonum
3219 2652 3363 2706 quae

675 2723 793 2778 sint
827 2723 1028 2778 Pollux
1067 2740 1168 2778 nos
1205 2721 1393 2785 docet;
1439 2720 1579 2775 dicit
1614 2721 1758 2789 (VII.
1783 2722 1893 2790 62):
1937 2722 2080 2792 μέρη
2118 2720 2178 2774 δὲ
2216 2721 2468 2792 ἐσθήτων
2503 2725 2766 2795 πτέρυγες
2798 2726 2906 2795 μὲν
2941 2722 3033 2777 καὶ
3069 2724 3364 2794 πτερύγων

675 2810 739 2863 ro*
781 2806 954 2880 ἥμισυ
997 2810 1097 2862 τοῦ
1128 2806 1472 2878 χιτωνίσκου.
1543 2806 1645 2861 Cui
1684 2805 2158 2909 interpretationi
2187 2824 2301 2863 non
2349 2808 2665 2887 refragatur
2697 2826 2887 2865 versus
2923 2809 3364 2880 Aristophaneus

676 2894 748 2950 ab
791 2896 916 2966 ipso
962 2912 1091 2950 mox
1135 2894 1430 2964 adlegatus
1466 2887 1525 2962 (l.
1549 2895 1598 2948 5.
1602 2886 1746 2962 66).
1796 2912 1897 2962 την
1944 2895 2189 2965 πτέρυγα
2238 2896 2601 2969 παραλύσασα
2635 2898 2734 2951 τοῦ
2774 2898 3034 2967 χιτωνίου
3068 2900 3087 2965 l
3120 2916 3213 2950 και
3256 2897 3365 2949 τῶν

678 2979 1009 3053 ἄποδεσμῶν
1045 2982 1119 3048 (τ)
1155 2973 1238 3040 οἷς
1270 2980 1401 3049 ἐνῆν
1435 2979 1691 3046 τιτθιδια,
1732 2982 1791 3034 et
1824 2980 2030 3049 probat
2067 2997 2190 3035 eam
2226 2972 2560 3038 Plutarchus
2596 2983 2805 3053 (Comp.
2841 2984 3010 3038 Num.
3035 2986 3094 3039 et
3127 2984 3365 3053 Lycurg.

674 3069 776 3155 III.
798 3070 859 3137 2)
908 3068 978 3123 de
1015 3067 1241 3123 chit-one
1285 3066 1453 3122 scisso
1490 3066 1733 3136 (σχιστός
1765 3066 1962 3136 χιτών)
2000 3067 2301 3123 disserens:
2357 3070 2435 3141 τῷ
2466 3069 2578 3143 γάρ
2621 3065 2743 3123 ὄντι
2787 3070 2849 3122 αἱ
2896 3071 2993 3124 τοῦ
3027 3072 3364 3143 παρθενικοῦ

676 3157 908 3225 χιτῶνος
930 3155 1193 3226 πτέρυγες
1220 3171 1318 3221 ovat
1343 3141 1488 3227 ἦσαν
1517 3153 1966 3229 συνερραμμέναι
1994 3152 2245 3209 κάτωθεν
2276 3151 2413 3208 ἄλλα
2435 3157 2548 3211 κτλ.
2595 3155 2739 3210 Sunt
2767 3155 2945 3227 igitur
2969 3157 3231 3227 πτέρυγες
3250 3155 3364 3211 chi-

677 3241 845 3296 tonis
852 3244 1003 3297 tota
1037 3240 1239 3295 antica
1262 3243 1410 3296 tota
1423 3257 1503 3309 qu
1518 3257 1548 3294 e
1585 3240 1801 3309 postica
1825 3258 1971 3311 pars.
2031 3241 2361 3309 (Plutarcha
2400 3243 2460 3294 αἱ
2481 3244 2636 3313 πτέρι
2640 3260 2744 3311 γες
2767 3237 2865 3296 οὐκ
2887 3260 3031 3313 ησαν
3054 3243 3364 3318 συνεῤῥαμ-

678 3329 846 3398 μέναι
881 3325 1231 3389 κάτωθεν;
1284 3325 1437 3396 apud
1473 3326 1906 3396 Aristophanem
1950 3326 2288 3397 παραλύεται
2322 3328 2522 3398 πτέρυξ
2558 3327 2618 3381 in
2655 3328 2956 3393 humere,
3011 3330 3108 3384 cfr.
3145 3346 3364 3384 versum

678 3413 1106 3484 insequentem).
1178 3413 1297 3467 Iam
1333 3430 1463 3467 vero
1510 3414 1773 3484 πτέρυγες
1821 3412 1958 3483 illae
2007 3412 2068 3466 in
2113 3411 2360 3466 vestibus
2405 3412 2610 3467 circum
2659 3414 2861 3469 clausis
2897 3431 3011 3469 non
3046 3418 3364 3475 cernuntur.

680 3496 874 3568 itaque
910 3499 1019 3554 nisi
1056 3499 1117 3553 in
1152 3498 1424 3555 technicis
1462 3498 1931 3569 descriptionibus
1967 3499 2037 3552 de
2072 3498 2178 3552 alis
2215 3497 2612 3568 diploidiorum
2637 3499 2792 3569 loqui
2828 3517 2941 3553 non
2967 3503 3141 3571 potes.
3197 3501 3365 3556 Potes

680 3602 837 3659 vero,
887 3586 931 3640 si
968 3602 1083 3640 non
1119 3587 1386 3641 consutae
1423 3588 1556 3639 sunt
1589 3586 1877 3656 πτέρυγες,
1925 3588 2048 3639 tum
2100 3583 2250 3638 enim
2294 3583 2469 3638 libere
2505 3584 2808 3641 volitantes
2850 3586 3044 3641 statim
3079 3585 3139 3639 in
3176 3585 3364 3641 oculos

679 3671 956 3727 incidunt.
1011 3671 1104 3726 Sic
1123 3669 1561 3741 praeclarissime
1586 3669 1835 3739 chlamys
1858 3669 2032 3739 πτερά
2057 3669 2354 3725 &enecat-xo?
2379 3673 2624 3737 vocatur,
2662 3671 2811 3740 quod
2838 3672 2982 3727 solet
3006 3688 3176 3742 prave
3200 3671 3367 3726 intel-

679 3759 786 3830 ligi
821 3759 939 3823 (cfr.
964 3758 1168 3811 Amal.
1198 3757 1331 3811 1877
1368 3774 1424 3826 p.
1451 3758 1594 3826 312).
1652 3757 1819 3812 Nunc
1854 3756 1913 3810 in
1952 3756 2137 3812 titulis
2167 3757 2445 3812 vestiariis
2482 3789 2546 3797 -
2583 3757 2652 3812 de
2688 3758 2892 3827 quibus
2930 3758 3160 3813 tertium
3196 3761 3368 3828 caput

682 3843 931 3900 conferas
979 3873 1045 3883 -
1092 3841 1148 3896 0.
1187 3843 1232 3895 I.
1270 3843 1337 3895 A.
1385 3842 1455 3896 ΙΙ.
1504 3842 1603 3896 751
1633 3860 1714 3911 sq.
1759 3842 1847 3897 bis
1891 3845 2234 3898 memoratur
2293 3842 2643 3918 διπτέρυγον,
2699 3843 2868 3898 semel
2907 3844 3031 3909 (754
3062 3862 3115 3899 V.
3144 3844 3233 3912 38)
3283 3843 3366 3896 δι-

681 3932 955 4002 πτέρυγον
989 3928 1366 3994 κατάστικτον,
1403 3929 1573 3983 semel
1610 3930 1735 3997 (758
1756 3931 1817 3984 Β.
1838 3930 1907 3984 II.
1930 3949 1983 3985 v.
2007 3931 2097 3998 39)
2136 3929 2464 4002 διπτέρυγον
2501 3926 2824 4003 τίμόργινον.
2877 3931 3027 3987 Num
3064 3929 3157 3985 hio
3190 3929 3370 4000 igitur

682 4016 959 4088 diploides
1016 4014 1406 4086 significantur
1456 4015 1516 4069 in
1578 4017 1818 4085 utroque
1862 4017 2093 4072 humero
2152 4018 2424 4079 confixae,
2480 4033 2716 4085 quarum
2767 4018 3029 4087 πτέρυγες
3080 4033 3258 4086 aeque
3301 4035 3368 4071 ac

683 4103 1039 4173 chlamydum
1077 4103 1220 4158 bene
1265 4101 1598 4173 conspicuae
1647 4105 1819 4158 sunt?
1888 4105 1978 4157 An
2014 4104 2249 4159 fortasse
2282 4105 2511 4173 χιτῶνες
2544 4100 2759 4172 σχιστοὶ
2795 4103 3087 4168 dicuntur,
3132 4121 3366 4172 quorum

682 4192 946 4262 πτέρυγες
993 4189 1141 4244 infra
1187 4205 1300 4243 non
1358 4188 1551 4243 minus
1599 4187 1659 4242 in
1717 4190 1905 4244 oculos
1954 4190 2201 4245 cadunt?
2279 4188 2555 4258 Equidem
2609 4206 2723 4245 rem
2773 4206 2884 4244 non
2929 4189 3368 4245 diiudicaverim.

682 4264 1036 4344 =Quamquam
1074 4274 1296 4329 etiamsi
1336 4273 1589 4345 diploida
1624 4275 1907 4345 significat
1940 4275 2044 4330 illa
2067 4293 2191 4340 vox,
2228 4278 2418 4331 tamen
2453 4274 2683 4331 minime
2717 4276 2823 4329 hac
2858 4292 2917 4330 re
2953 4276 3268 4335 refutantur
3303 4292 3370 4330 ea

685 4379 830 4432 quae
847 4368 1018 4431 'supra
1041 4360 1110 4415 de
1131 4359 1473 4430 diploidibus
1492 4360 1745 4426 disserui,
1768 4378 1880 4416 non
1900 4360 2232 4416 indumenta
2251 4361 2345 4415 sed
2366 4361 2739 4431 periblemata
2762 4378 2855 4416 eas
2874 4378 2990 4416 esse
3011 4361 3367 4416 contendens.

687 4450 907 4520 Quippe
943 4451 1205 4503 externae
1247 4448 1471 4503 tantum
1506 4448 1710 4519 speciei
1756 4449 1976 4505 ratione
2026 4450 2224 4504 habita
2271 4466 2374 4519 pro
2409 4449 2635 4504 chitone
2682 4448 2742 4502 in
2778 4449 2954 4504 latere
2989 4466 3101 4503 non
3137 4451 3368 4505 consuto

685 4535 941 4607 diploida
975 4534 1276 4609 habebant,
1312 4533 1551 4604 ideoque
1586 4534 1828 4591 chit-onis
1862 4535 2090 4591 nomine
2125 4553 2248 4590 eam
2282 4534 2674 4605 designabant.

863 4660 886 4691 ²
922 4655 1055 4710 Cod.
1090 4651 1277 4722 λόγιον
1310 4653 1499 4709 habet.
1555 4655 1810 4711 Formam
1846 4654 2130 4709 διπλόδιον
2164 4655 2386 4711 restitui
2410 4673 2478 4710 ex
2502 4655 2972 4710 hermeneumatis
3008 4654 3127 4710 cod.
3151 4655 3369 4711 Monte·

687 4744 892 4813 pessul.
916 4740 1086 4799 editis
1124 4757 1160 4795 a
1197 4739 1503 4795 Boucherio
1539 4739 1750 4795 Noticoe
1770 4745 1817 4794 d
1839 4740 2060 4795 mbr-aits
2083 4740 2285 4795 XXIII.
2310 4741 2464 4796 1872.
2500 4760 2555 4812 p.
2578 4742 2682 4795 432
2717 4740 2814 4796 ubi
2853 4740 3065 4812 legitur
3086 4740 3367 4794 ἁπλόδιον·

689 4829 1001 4882 Literarum
1037 4825 1464 4880 similitudinem
1499 4824 1780 4894 quandam
1817 4825 2011 4880 adesse
2046 4842 2160 4880 non
2197 4825 2458 4895 negabis:
2498 4832 2747 4879 ΛΟΙἿΟΝ
2781 4828 3191 4897 ΔΙΠ]ΛοΔΙΟΝ.
