3875 5392
1427 1533 1729 1623 PARS
1798 1532 2280 1623 ALTERA.

1806 1730 1881 1869 ¹1.

683 1955 1099 2072 Quicunque
1154 1988 1219 2051 in
1283 1968 1619 2053 historiam
1682 1990 1956 2054 vestitus
2016 1988 2220 2071 Attici
2277 1990 2602 2075 inquirere
2650 1988 2859 2057 volet.
2923 1989 2983 2054 ei
3046 1986 3195 2075 p'ro-

508 2098 927 2164 ficiscendum
989 2099 1116 2164 erit
1162 2121 1201 2163 a
1257 2099 1418 2164 locis
1473 2099 1727 2164 duobus
1796 2101 1915 2164 hac
1975 2101 2040 2164 in
2107 2122 2178 2165 re
2225 2100 2547 2179 classiciS,
2617 2099 2936 2165 Herodoti
2990 2100 3197 2165 altero

510 2210 621 2295 (V.
657 2212 738 2275 87
766 2209 922 2295 sq.),
983 2212 1193 2276 altero
1255 2211 1612 2298 Tucydidis
1658 2212 1739 2297 (Ι.
1772 2211 1872 2297 6),
1932 2232 2206 2298 quorum
2263 2213 2375 2277 ille
2433 2211 2515 2276 de
2563 2211 2895 2293 muliebri,
2952 2212 3057 2277 hic
3113 2212 3195 2277 de

508 2323 677 2387 virili
724 2325 964 2389 vestitu
1009 2323 1350 2388 immutato
1398 2324 1556 2409 agit.

681 2434 926 2521 Narrat
956 2441 1177 2501 autem
1210 2434 1592 2500 Herodotus
1624 2436 1931 2501 mulieres
1957 2404 2460 2501 Atheniensium
2473 2433 2821 2520 quondam
2846 2435 3195 2515 hominem

508 2547 614 2630 qui
660 2567 829 2611 unus
879 2567 993 2611 ex
1010 2545 1431 2632 expeditione
1481 2553 1737 2611 contra·
1751 2546 2117 2632 Aeginetae
2166 2552 2475 2632 suscepta
2522 2546 2864 2612 incolumis
2910 2546 3196 2629 redierit,

504 2679 664 2743 prae
738 2658 838 2722 ira
912 2657 1128 2722 fibulis
1198 2658 1476 2723 vestium
1538 2658 1974 2725 interfecisse.
2076 2657 2521 2724 Athenienses
2591 2662 2850 2739 autem,
2922 2660 3198 2745 scriptor

507 2769 744 2854 pergit,
790 2768 1093 2835 dicuntur
1138 2762 1314 2857 ἄλλῳ
1357 2768 1475 2853 μὲν
1521 2764 1601 2857 δὴ
1652 2763 1770 2835 οὐκ
1814 2765 1983 2852 ἔχειν
2028 2765 2192 2857 ὅτεῳ
2237 2763 2653 2857 ζημιώσωσιν
2696 2764 2816 2848 τὰς
2868 2774 3194 2855 γυναῖκας,

504 2875 626 2968 τὴν
672 2878 746 2946 δὲ
788 2876 1048 2970 ἐσθῆτα
1092 2878 1452 2967 μετέβαλον
1477 2873 1725 2948 αὐτέων
1768 2879 1836 2960 ἐς
1877 2877 1997 2970 τὴν
2033 2875 2246 2947 Ἰάδα·
2293 2877 2563 2969 ἐφόρεον
2605 2878 2726 2969 γὰρ
2772 2877 2852 2971 δὴ
2902 2878 3032 2968 πρὸ
3079 2885 3198 2949 τοῦ

509 2988 581 3058 αἱ
624 2990 755 3057 τῶν
795 2984 1171 3080 Ἀθηναίων
1215 2997 1512 3079 γυναῖκες
1556 2991 1815 3081 ἐσθῆτα
1862 2990 2162 3080 Δωρίδα,
2208 2998 2289 3082 τῇ
2333 2990 2662 3082 Κορινθίῃ
2708 2994 3196 3082 παραπλησιω-

505 3098 735 3190 τάτην·
791 3100 1234 3189 μετέβαλον
1287 3090 1386 3170 ὦν
1435 3102 1513 3183 ἐς
1568 3100 1705 3172 τὸν
1760 3100 2023 3172 λίνεον
2075 3108 2415 3187 κιθῶνα,
2474 3107 2601 3172 ἵνα
2659 3102 2750 3196 δὴ
2810 3101 3194 3193 περόνῃσι

507 3210 611 3304 μὴ
658 3212 1069 3302 χρέωνται.
1110 3217 1269 3303 (88).
1333 3210 1521 3283 ’Ἐστι
1568 3216 1641 3284 δὲ
1670 3210 1917 3305 ἆληθὲϊ
1942 3214 2113 3306 λόγῳ
2158 3215 2562 3306 χρεομένοισι
2610 3212 2727 3285 οὐκ
2765 3211 2894 3297 Ἰὰς
2940 3214 3103 3305 αὕτη
3148 3212 3189 3307 ἡ

508 3321 719 3416 ἐσθὴς
771 3321 849 3393 τὸ
905 3322 1223 3409 παλαιὸν,
1286 3320 1453 3393 ἀλλὰ
1496 3323 1784 3414 Κάειρα,
1844 3326 1994 3394 ἐπεὶ
2041 3324 2088 3418 ἥ
2128 3353 2200 3415 γε
2247 3323 2581 3417 (Ἑλληνικὴ
2641 3325 2850 3417 ἐσθὴς
2907 3330 3096 3396 πᾶσα
3153 3323 3193 3419 ἡ

510 3429 747 3524 ἀρχαίη
807 3438 937 3504 τῶν
980 3441 1296 3524 γυναικῶν
1357 3433 1396 3528 ἡ
1444 3433 1608 3529 αὗτὴ
1655 3430 1753 3531 ἦν,
1797 3437 1917 3530 τὴν
1970 3442 2078 3507 νῦν
2122 3437 2394 3527 Δωρίδα
2439 3438 2773 3526 καλέομεν.
2867 3442 2925 3506 Ε
2973 3444 3193 3509 verbis

509 3548 785 3629 notatis,
844 3547 911 3612 in
969 3548 1202 3633 quibus
1262 3551 1461 3615 totius
1519 3552 1613 3617 rei
1672 3573 1991 3617 summam
2049 3553 2364 3619 contineri
2424 3554 2617 3619 facile
2675 3554 2893 3634 vides,
2949 3553 3195 3640 duplex

510 3659 831 3746 quoddam
896 3660 1211 3741 efficitur,
1293 3681 1527 3747 nempe
1593 3662 1918 3727 chitonem
1983 3661 2404 3728 Hellenicum
2468 3664 2678 3745 illum,
2758 3665 2913 3729 olim
2977 3670 3045 3729 et
3111 3666 3195 3730 ab

510 3772 1027 3838 Atheniensibus
1089 3779 1377 3859 gestum,
1436 3774 1699 3839 laneum
1758 3775 1962 3840 fuisse
2013 3812 2090 3822 —
2140 3773 2623 3840 animadvertas
2671 3778 2843 3841 enim
2889 3777 3197 3842 adiectivi

510 3885 679 3950 inter
748 3884 1094 3949 articulum
1173 3886 1781 3972 substantivumque
1853 3888 2098 3952 locum:
2178 3885 2539 3972 μετέβαλον
2614 3886 2682 3967 ἐς
2746 3882 2882 3956 τὸν
2937 3885 3197 3955 λίνεον

510 3996 822 4060 κιθῶνα
872 4033 951 4043 -
999 4004 1065 4062 et
1119 3997 1465 4062 fibularum
1527 4019 1648 4084 ope
1709 3999 1775 4064 in
1824 4020 2098 4085 corpore
2158 4005 2539 4065 contentum
2586 4000 2811 4066 fuisse.
2900 4001 3195 4065 Priscum

510 4107 713 4192 igitur
757 4107 1127 4173 Atticarum
1174 4110 1477 4175 vestitum
1524 4110 1987 4197 indagantibus
2035 4113 2222 4177 nobis
2269 4113 2393 4178 hoc
2439 4113 2811 4177 testimonio
2859 4111 3196 4177 nitendum

513 4225 633 4300 est,
682 4220 855 4305 quod
917 4226 984 4285 et
1044 4221 1570 4306 antiquissimum
1627 4229 1728 4288 est
1789 4231 1855 4289 et
1902 4225 2063 4288 satis
2109 4230 2337 4311 aperte
2385 4225 2705 4312 loquitur,
2751 4225 3196 4311 ,recentiorum

513 4335 899 4419 scriptorum
940 4335 1421 4400 narrationibus
1464 4336 1587 4401 hac
1636 4335 1718 4401 de
1757 4357 1825 4400 re
1866 4337 2348 4422 praetermissis
2390 4373 2473 4383 ——
2515 4335 2837 4417 Duridis‚¹
2883 4334 3197 4413 Aeliani‚²

513 4445 907 4511 scholiastae
951 4446 1021 4510 in
1069 4444 1431 4509 Clementis
1478 4444 1912 4511 Alexandrini
1961 4445 2466 4532 Paedagogum³
2515 4482 2596 4491 ·-
2645 4466 2725 4510 ne
2770 4447 3084 4532 locupleti
3132 4453 3197 4512 et

686 4620 704 4650 ¹
742 4615 908 4685 Apud
944 4615 1113 4670 schol.
1150 4614 1338 4685 Eurip.
1375 4615 1583 4671 Hecub.
1624 4634 1672 4671 v.
1698 4617 1819 4672 934.

686 4705 709 4737 ²
746 4700 814 4757 V.
840 4702 909 4756 H.
944 4702 989 4757 Ι.
1028 4702 1108 4756 18.

688 4789 710 4821 ⁸
745 4786 958 4856 11.·,114
989 4788 1153 4846 Dind.
1190 4807 1245 4859 p.
1264 4790 1367 4844 238
1403 4790 1551 4846 Pott.
