3875 5392
1814 392 2243 463 a....18......

680 579 987 674 tompedo
1033 591 1406 669 asservata,
1462 608 1655 673 quam
1702 587 1785 652 ad
1839 593 2226 674 apparatum
2272 608 2657 675 pomparum
2715 584 3112 674 pertinuisse
3171 590 3238 652 et
3282 604 3371 652 ex

675 698 867 764 bonis
912 698 1185 784 triginta
1229 696 1515 764 virorum
1571 700 1920 785 publicatis
1982 699 2350 765 confectam
2407 720 2557 765 esse
2602 699 2945 765 Michaelis
2992 700 3371 765 coniectura

680 817 781 875 est
842 809 1007 897 (Der
1050 809 1421 874 Parthenon
1472 831 1536 896 p.
1580 810 1732 895 301)
1806 831 1937 874 non
2001 809 2370 896 improbata
2447 831 2526 875 ea
2583 810 2847 894 quidem
2906 812 2988 876 ab
3056 809 3366 875 Udalrico

678 922 975 989 Koehler
1018 920 1202 1003 (0.1.
1228 921 1313 985 A.
1359 922 1449 986 II.
1497 943 1603 986 no.
1652 921 1826 1004 642).
1917 922 2086 987 Tota
2130 928 2352 987 autem
2399 927 2615 987 statua
2659 922 3104 1004 membratim,
3160 927 3232 985 ut
3277 924 3370 986 ita

680 1033 922 1117 dicam,
977 1034 1339 1100 destruitur
1384 1033 1816 1119 singulaeque
1861 1038 2087 1120 partes
2133 1034 2539 1122 penduntur,
2604 1055 2815 1120 neque
2873 1040 3095 1099 tamen
3140 1034 3367 1100 unius-

683 1148 1000 1233 cuiusque
1055 1147 1420 1234 particulae
1487 1146 1743 1233 pondus
1801 1145 2128 1211 indicatur
2174 1146 2291 1211 sed
2335 1147 2739 1231 singulorum
2783 1146 3030 1234 ῥυμῶν,
3094 1146 3162 1210 in
3209 1167 3367 1232 quos

681 1265 899 1325 statua
928 1260 1261 1346 descripta
1292 1264 1412 1341 est,
1457 1263 1525 1322 et
1557 1278 1829 1343 quorum
1860 1278 2030 1321 unus
2065 1259 2337 1344 quisque
2370 1259 2591 1346 plures
2631 1260 3089 1346 complectitur
3127 1266 3367 1346 partes.

853 1390 1074 1474 Atque
1142 1389 1207 1452 in
1266 1387 1474 1476 primo
1534 1387 1718 1474 ῥυμῷ
1774 1392 1925 1453 sunt
1985 1392 2212 1474 caput,
2271 1388 2538 1469 collum,
2593 1387 2930 1453 brachium
2987 1389 3245 1454 laevum
3306 1394 3372 1452 et

681 1520 1110 1587 quaecunque
1157 1499 1337 1564 hisce
1395 1499 1756 1564 adhaerent
1814 1505 2229 1579 ornamenta,
2299 1507 2371 1564 ut
2429 1522 2698 1582 corona,
2762 1501 3033 1581 collare,
3097 1501 3369 1565 armilla.

685 1611 1003 1697 Sequitur
1047 1613 1215 1678 alter
1257 1606 1459 1699 ῥυμὸς
1502 1648 1585 1656 -
1633 1632 1958 1698 apponam
2004 1612 2208 1698 ipsius
2257 1611 2490 1698 lapidis
2536 1612 2742 1678 verba
2788 1636 2899 1677 -;

940 1743 1235 1833 δεύτερος
1288 1743 1491 1832 ῥυμὸς
1533 1742 1770 1834 θώραξ
1829 1743 2143 1836 στρόφιον
2201 1749 2429 1833 σταθ[
2418 1745 2544 1832 μὸν
2584 1744 2868 1836 τ]ούτων
2913 1753 3116 1815 ΧΧΔ

936 1857 1157 1947 τρίτος
1184 1855 1386 1949 ῥυμὸς
1417 1853 1829 1945 ἀπόπτυγμα
1874 1855 2150 1947 περόναι
2195 1856 2313 1928 δύο
2357 1855 2564 1945 πόὸ[ε
2608 1857 2765 1947 δύο]
2808 1857 3114 1946 σταθμὸν

1357 1967 1604 2039 τούτων
1647 1976 2397 2043 ΧΡΗΗΗΗΔΔΔΠΙ·
2419 1984 2457 2043 Ι·
2473 1978 2698 2044 Η·ΙΙΙ

681 2103 859 2169 Var.
887 2104 1100 2168 lect.:
1147 2102 1335 2168 Haec
1366 2109 1469 2168 est
1500 2103 1690 2169 lectio
1722 2104 1893 2170 tituli
1924 2107 2049 2168 652
2075 2107 2426 2170 v.19-21.
2475 2105 2831 2170 Alterius
2863 2103 3119 2192 ῥυμοῦ
3150 2108 3372 2189 partes

684 2223 752 2282 et
795 2215 1053 2302 pondus
1105 2217 1230 2279 677
1281 2214 1344 2279 A
1374 2215 1427 2279 Ι.
1460 2237 1522 2281 v,
1566 2218 1821 2281 30-32
1870 2217 1964 2282 sic
2008 2216 2407 2283 indicantur:
2454 2216 2512 2283 δ.
2552 2222 2607 2300 ῥ.
2642 2221 2715 2283 θ.
2742 2239 2878 2302 στρ.
2905 2216 3375 2301 [chthanva-

679 2323 892 2393 λίδιον
929 2323 1190 2394 στολίὸε
1235 2321 1351 2393 δύο
1380 2324 1617 2412 χρυσία
1659 2322 1934 2413 [μ]ικρά
1967 2324 2274 2411 σταθμὸν
2318 2328 3370 2413 ΧΡΗΗΗΗΔΔ[Δ]ΔΠΗ”·Ι·.

681 2439 980 2526 Itemque
1043 2439 1109 2503 in
1165 2438 1393 2505 mutilo
1444 2442 1568 2503 667
1615 2461 1674 2506 V.
1709 2444 1748 2504 9
1793 2446 1943 2528 post
1988 2436 2302 2528 στρόφιον
2347 2442 2720 2527 agnoscitur
2766 2463 3044 2527 περιτρα
3070 2493 3084 2508 .
3113 2493 3129 2508 .
3156 2492 3171 2508 .
3199 2493 3214 2507 .
3293 2442 3374 2506 In

684 2550 1179 2637 ῒθτὺίολρυμῷ
1223 2551 1349 2613 677
1395 2555 1547 2635 post
1599 2544 1770 2615 πόδε
1814 2544 1933 2614 δύο
1987 2556 2418 2616 recensentur
2465 2546 2702 2636 χρυσία
2753 2548 2990 2638 μικρά,
3052 2556 3176 2618 667
3220 2578 3374 2640 χρυ-

686 2657 872 2728 σίδια
914 2655 1138 2748 μικρά.

857 2800 1155 2886 Apparet
1210 2790 1624 2885 ἆπόπτυγμα
1682 2820 1832 2865 esse
1890 2800 2092 2865 vestis
2137 2798 2473 2864 Victoriae
2534 2805 2786 2886 partem
2847 2836 2924 2847 —
2979 2803 3135 2888 quid
3198 2804 3373 2869 enim

687 2912 865 2979 aliud
924 2914 991 2978 in
1052 2914 1167 2978 illa
1226 2906 1642 2977 πτύσσεταιὲ
1695 2948 1810 2993 -—,
1877 2932 2046 2997 quae
2121 2911 2291 2976 infra
2355 2912 2686 2997 cingulum
2745 2918 2883 2993 est,
2946 2935 3143 3001 supra
3214 2913 3375 2979 illud

689 3025 860 3091 enim
906 3026 1090 3091 nulla
1133 3045 1285 3111 pars
1330 3028 1458 3106 est,
1507 3044 1673 3109 quae
1719 3028 2063 3109 tantopere
2110 3024 2432 3105 emineat,
2477 3028 2550 3088 ut
2596 3026 2950 3112 separatim
2997 3027 3080 3091 ab
3128 3029 3377 3093 artifice

691 3138 924 3210 confici
983 3137 1268 3224 potuerit
1329 3141 1597 3222 praeter
1664 3156 1895 3221 rugam
1965 3157 2270 3222 magnam
2335 3135 2401 3200 in
2464 3141 2744 3223 utroque
2807 3137 3016 3203 latere
3081 3139 3376 3204 cinctura

690 3251 992 3316 effectam
1042 3248 1181 3336 (cfr.
1229 3270 1291 3334 p.
1331 3247 1460 3332 19),
1525 3242 1834 3326 στολίὸας
1875 3248 2047 3313 tituli
2093 3251 2239 3317 677.
2329 3246 2577 3320 Quibus
2632 3248 3122 3315 condicionibus
3179 3251 3375 3317 satis-

691 3364 941 3429 faceret
994 3360 1349 3442 Boeckhii,
1404 3359 1528 3425 viri
1574 3360 1857 3445 egregii,
1918 3361 2275 3447 explicatio
2339 3359 2767 3441 ‚fimaturam
2820 3361 2896 3425 de
2945 3381 3107 3427 zona
3151 3363 3377 3444 depen-

691 3476 977 3539 dentem“
1020 3478 1417 3559 apoptygma
1464 3492 1609 3537 esse
1657 3471 2044 3537 conicientis
2091 3471 2177 3556 [v.
2219 3470 2286 3537 0.
2322 3472 2379 3536 Ι.
2419 3471 2535 3537 G'r.
2580 3473 2633 3536 I.
2675 3494 2780 3538 no.
2821 3471 2986 3559 150].
3080 3474 3209 3540 Sed
3257 3475 3379 3541 hoc

693 3592 872 3653 esset
936 3581 1231 3664 κόλπος]
1327 3582 1700 3649 Odofredus
1759 3582 2045 3648 Mueller
2116 3589 2334 3648 autem
2408 3582 2707 3670 [Minerv.
2765 3582 3013 3649 Poliad.
3073 3606 3264 3650 saera
3320 3591 3382 3650 et

691 3699 830 3764 aed.
888 3698 964 3761 in
1025 3717 1171 3761 arce
1224 3695 1593 3761 Atheniens,
1702 3695 1997 3781 Gotting.
2068 3697 2229 3761 1820
2295 3717 2356 3781 p.
2405 3694 2511 3782 42]
2583 3697 3171 3784 interpretabatur:
3251 3700 3382 3778 „ad

678 3812 972 3891 priscum
1039 3812 1337 3873 ornatum
1390 3807 1798 3889 pertinebant
1867 3806 2142 3872 laciniae
2210 3807 2539 3890 diliyenter
2599 3810 2897 3875 sinuatae
2954 3831 2988 3875 e
3047 3809 3239 3875 latere
3293 3810 3385 3874 ad

691 3942 884 3987 suras
926 3918 1342 4002 dependulae,
1401 3941 1565 4002 quae
1618 3918 1713 3983 vel
1754 3913 2074 4006 πτερύγια
2116 3917 2212 3983 vel
2254 3910 2668 4007 ἆπόπτυγμα
2712 3920 3010 3986 dioeeris“.
3100 3921 3264 4004 Qui,
3325 3922 3382 3986 si

693 4040 874 4099 recte
920 4054 1069 4098 eum
1115 4033 1281 4097 tales
1325 4031 1598 4096 lacinias
1646 4031 1862 4097 dicere
1911 4032 2239 4118 suspicor,
2287 4032 2513 4117 quales
2560 4053 2617 4099 e.
2650 4054 2746 4118 gr.
2792 4033 3092 4098 Minerva
3131 4032 3383 4118 fastigii

693 4145 922 4232 templi
953 4144 1324 4231 Aeginetici
1355 4143 1613 4223 habet,²
1646 4180 1728 4191 —
1759 4164 1975 4228 neque
2009 4143 2182 4209 enim
2212 4164 2386 4208 nunc
2431 4149 2696 4230 praesto
2730 4152 2882 4210 sunt
2914 4165 3083 4231 quae
3115 4144 3385 4231 adlegat

695 4257 796 4322 vir
841 4257 1120 4323 eximius
1171 4255 1501 4343 exempla:
1551 4254 1785 4322 Millin.
1817 4256 2110 4321 Monam.
2141 4255 2307 4321 ined.
2354 4254 2442 4320 ΙΙ.
2489 4261 2535 4320 t.
2574 4259 2677 4338 47,
2724 4255 3100 4323 Tischbein.
3133 4253 3382 4320 Pietur.

711 4367 857 4432 Vae.
918 4368 1034 4434 IV.
1083 4374 1130 4435 t.
1171 4372 1211 4433 9
1273 4405 1355 4416 —
1413 4368 1779 4434 certissime
1840 4369 2104 4434 erravit.
2209 4367 2541 4433 Abhorret
2604 4368 2778 4432 enim
2838 4367 2947 4432 hic
3006 4368 3284 4433 vestitus
3344 4389 3384 4432 a

697 4485 916 4544 statua
958 4478 1294 4544 Victoriae
1341 4479 1552 4565 quarti
1597 4500 1656 4546 a.
1685 4477 1845 4544 C.n.
1895 4479 2144 4544 saeculi
2189 4478 2499 4559 ineuntiS,
2549 4478 2723 4562 quod
2754 4478 2990 4562 etipse
3021 4476 3384 4546 Muellerus

875 4689 891 4719 ¹
931 4686 1166 4740 Rectum
1212 4701 1300 4739 me
1345 4687 1659 4739 assecutum
1709 4698 1827 4740 esse
1873 4683 2076 4738 doceor
2121 4683 2374 4753 inspecto
2411 4680 2667 4736 Mueller-i
2715 4679 2886 4746 libro,
2935 4679 3026 4734 cui
3062 4679 3389 4736 inscribitur

696 4770 1043 4840 „Hantffiuch
1071 4771 1165 4826 der
1198 4772 1472 4826 Archaeol.
1508 4771 1602 4825 der
1635 4771 1907 4825 Kunsffl‘³
1944 4789 1998 4840 p.
2021 4770 2141 4824 493.
2219 4769 2296 4823 Et
2330 4768 2632 4822 Muellerus
2669 4769 2735 4820 ut
2770 4766 2870 4820 alii
2906 4765 3070 4821 multi
3107 4766 3388 4820 himation

696 4857 839 4911 illud
876 4858 1162 4912 Minervae
1196 4875 1297 4929 pro
1328 4858 1613 4928 deplicata
1648 4857 1894 4913 chitonis
1929 4859 2092 4927 parte
2129 4856 2390 4911 habebat.
