3875 5392
1793 325 2221 385 ..10-

670 531 729 573 v.
758 512 912 574 333:
974 530 1123 574 nam
1172 510 1227 575 si
1273 512 1478 577 vestis
1526 512 1641 577 illa
1668 560 1685 593 ,
1734 532 1925 597 quam
1984 511 2185 596 gerit,
2233 512 2381 598 ipsa
2426 532 2685 597 quoque
2730 512 3049 579 himation
3095 514 3351 597 fuisset,

670 620 1019 688 dicendum
1064 628 1235 687 erat:
1292 618 1379 690 τὸ
1440 623 1735 690 σαυτοῦ
1782 616 2122 706 ἱμάτιον
2168 622 2311 709 (cfr.
2345 644 2404 689 v,
2437 624 2612 709 535).
2702 623 3025 690 Vincunt:
3089 647 3241 691 nam
3285 632 3359 690 ut

671 734 905 819 quibus
952 756 1033 803 ea
1080 735 1341 800 refellas
1387 755 1519 798 non
1564 733 1799 813 habes,
1852 733 1946 798 ita
2007 733 2222 798 futilia
2285 738 2439 798 sunt
2496 754 2577 799 ea
2621 753 2790 818 quae
2850 734 2917 799 in
2966 736 3356 801 contrariam

669 852 925 933 partem
979 848 1257 933 proferri
1310 867 1505 934 posse
1561 845 1927 911 videantur.
2030 842 2286 932 Quippe
2346 845 2682 911 ferebatur
2734 866 2852 932 pro
2908 846 3354 932 praeiudicato

673 993 752 1004 —
799 978 923 1023 nec
971 961 1270 1044 cuiquam
1319 958 1616 1024 dubitare
1661 957 1743 1024 de
1789 944 1929 1024 hac⁰
1964 980 2036 1023 re
2083 959 2149 1022 in
2179 963 2471 1023 mentem
2502 958 2681 1023 venit
2713 993 2795 1004 —
2834 949 3354 1045 ἡμιδιπλοίδιον,

668 1065 982 1152 χιτώνιον,
1017 1068 1441 1158 κροκωτίδιον
1474 1091 1753 1137 scaenae
1786 1069 2232 1136 antecedentis
2266 1070 2442 1136 idem
2473 1068 2939 1136 vestimentum
2987 1071 3355 1156 significare

670 1189 869 1270 atque
931 1178 1235 1269 ἔγκυκλον
1280 1205 1337 1249 V.
1382 1185 1529 1248 536.
1629 1182 1754 1247 Oui
1813 1184 2151 1269 praeclare
2209 1183 2562 1249 convenire
2624 1181 2972 1248 videbatur
3025 1182 3197 1267 quod
3254 1183 3356 1250 bis

670 1294 753 1360 de
817 1296 932 1360 illa
998 1295 1168 1360 vesti
1240 1288 1666 1378 ἀμπέχεσθαι
1734 1299 2088 1380 usurpatur
2144 1294 2229 1379 (v.
2274 1296 2419 1359 332.
2468 1315 2528 1359 v,
2580 1295 2764 1380 374),
2834 1297 3218 1383 ceteroquin
3289 1297 3355 1362 in

670 1407 1123 1493 periblematis
1172 1429 1433 1496 semper
1477 1406 1899 1489 adhibitum‚²
1952 1428 2076 1472 nec
2122 1427 2253 1471 non
2300 1407 2412 1470 vili
2459 1406 2870 1493 pendebatur
2915 1407 3090 1494 quod
3135 1430 3196 1473 v.
3231 1411 3354 1474 374

670 1540 789 1605 pro
843 1513 1219 1601 χιτώνιον
1261 1518 1667 1585 Ravennatis
1723 1519 2046 1607 praebent
2102 1512 2530 1604 τριβώνιον
2587 1518 2792 1585 Paris.
2841 1523 2921 1601 B,
2967 1520 3223 1588 Monac.
3271 1526 3354 1603 N,

669 1630 961 1696 Florent.
993 1637 1063 1697 Γ.
1153 1630 1340 1705 Quae
1386 1633 1515 1697 iam
1561 1631 2060 1717 grammaticum
2108 1631 2315 1713 illum,
2362 1630 2446 1696 ad
2478 1652 2671 1717 quem
2718 1632 3034 1697 recedunt
3065 1653 3147 1698 ea
3183 1654 3356 1718 quae

670 1743 1123 1831 lexicographi
1166 1744 1249 1809 de
1293 1742 1779 1830 hemidiploidio
1826 1743 2204 1808 fabulantur
2220 1741 2269 1825 ²,
2318 1749 2383 1808 et
2428 1765 2639 1831 nuper
2681 1743 3108 1811 Franciscum
3154 1743 3351 1811 Stud-

672 1856 905 1921 niczka
927 1855 953 1896 ⁸
1000 1856 1509 1940 (Vermutunyen
1549 1876 1669 1921 zur
1706 1855 1934 1939 yriech.
1975 1855 2553 1938 Kunstyesehichte.
2627 1855 2849 1923 Wien.
2915 1858 3095 1922 1884.
3150 1880 3212 1945 p.
3244 1857 3356 1943 28)

671 1969 952 2034 movisse
1020 1969 1353 2049 videntur,
1424 1974 1496 2033 ut
1561 1967 2097 2054 hemidiploidion
2170 1968 2534 2055 periblema
2595 1968 2914 2034 muliebre
2981 1989 3131 2034 esse
3187 1967 3354 2034 iudi-

674 2085 919 2147 carent.
966 2117 1049 2128 —-
1098 2080 1231 2146 Sed
1275 2101 1481 2146 vanae
1529 2085 1682 2145 sunt
1725 2080 1962 2165 quibus
2009 2079 2128 2144 niti
2176 2080 2271 2144 illi
2316 2079 2617 2145 videntur
2664 2102 2927 2145 causae.

841 2190 1009 2257 Nam
1054 2192 1334 2279 primum
1366 2189 1626 2277 quidem
1662 2190 1744 2254 ab
1778 2190 1956 2253 omni
1987 2188 2238 2253 ratione
2272 2188 2583 2255 abhorret
2625 2212 2784 2277 prae
2815 2193 3048 2278 optimi
3091 2193 3353 2273 codicis,

676 2303 1109 2384 Ravennatis,
1181 2304 1725 2390 interpolatorum
1793 2301 2010 2387 potius
2079 2301 2428 2366 lectionem
2494 2304 2824 2391 amplecti.
2943 2304 3115 2370 Nam
3186 2305 3356 2391 quod

674 2442 1080 2450 ————----»--..—-

674 2546 800 2584 cum
834 2532 1121 2600 prematur
1156 2525 1511 2600 ἠμφιεσμένη
1556 2526 1699 2581 illud
1733 2527 2283 2583 Ecclesiazusarum?
2356 2528 2511 2592 Quae
2554 2544 2680 2585 cum
2728 2528 2813 2582 ita
2848 2528 2965 2582 sint
3008 2528 3230 2599 ἱμάτιον
3264 2528 3355 2583 hic

671 2617 739 2671 de
786 2616 1087 2684 endymate
1134 2613 1389 2684 usurpari
1438 2613 1799 2668 statuendum
1836 2616 1936 2682 est,
1987 2616 2052 2667 ut
2086 2614 2212 2682 Lys.
2256 2631 2307 2668 v.
2343 2612 2463 2677 401,
2497 2613 2601 2667 479
2647 2612 2895 2684 ἱματίδια
2946 2614 3138 2668 eadem
3185 2614 3356 2669 vesti·

668 2705 864 2757 menta
898 2704 1194 2768 vocantur,
1241 2717 1387 2770 quae
1430 2718 1482 2755 v.
1508 2700 1611 2754 662
1655 2698 1914 2770 ἐξωμίδες
1958 2699 2212 2754 audiunt.
2284 2700 2357 2754 Et
2399 2698 2716 2754 memineris
2769 2699 2882 2754 iam
2927 2700 3352 2771 Xenophontem

672 2788 893 2849 ἱματιον
928 2804 1119 2842 vocem
1158 2785 1439 2841 rarissimo
1487 2785 1557 2839 de
1594 2788 1745 2840 certo
1783 2784 2028 2855 quodam
2073 2785 2310 2841 himatio
2358 2785 2622 2841 adhibere
2659 2786 2750 2841 sed
2790 2787 3119 2857 plerumque
3153 2787 3356 2845 latiore

670 2875 1083 2947 significatione
1118 2874 1237 2941 (cfr.
1274 2873 1479 2928 Sturtz.
1515 2873 1696 2927 Lexic
1737 2872 2068 2941 Xenqnhont.
2108 2891 2149 2927 s.
2186 2877 2278 2942 v.).

874 2961 994 3016 Hoc
1041 2976 1171 3014 vero
1216 2959 1401 3015 evicto
1449 2958 1724 3030 κροκωτόν
1760 2957 2045 3014 chitonem
2083 2960 2318 3014 talarem
2357 2960 2605 3015 clausum
2654 2959 2973 3029 circumque
3022 2977 3140 3015 esse
3176 2977 3353 3031 posse

671 3048 809 3118 quid
844 3047 1108 3118 impedit,
1157 3046 1454 3116 quominus
1488 3045 1841 3116 κροκωτίδιον
1878 3045 2162 3101 chitonem
2206 3046 2516 3102 breviorem
2553 3047 2804 3101 clausum
2841 3063 2961 3102 esse
2996 3048 3353 3101 statuamus?

668 3135 868 3204 Itaque
921 3134 1033 3188 iam
1080 3133 1377 3189 Ecclesiaz.
1414 3150 1464 3187 v.
1487 3133 1593 3188 879
1635 3129 1995 3204 ἠμφιεσμένη
2049 3133 2192 3187 illud
2240 3133 2417 3188 secuti
2474 3133 2556 3187 ibi
2614 3132 2868 3204 diploida
2919 3148 3037 3189 esse
3098 3135 3355 3187 statuant

669 3251 736 3261 —
771 3222 961 3275 tamen
1011 3238 1180 3290 supra
1221 3219 1446 3276 chitone
1496 3222 1715 3290 gestam
1752 3249 1818 3258 —-
1855 3212 2235 3289 adlegantq‘ue
2282 3219 2536 3274 scholion
2584 3219 2645 3273 in
2691 3219 2860 3273 Arist.
2905 3219 3003 3288 Ly.
3041 3236 3090 3273 v.
3117 3220 3244 3274 645:
3294 3220 3354 3272 αἱ

669 3303 1065 3378 ἅρκτευόμεναι
1112 3306 1173 3360 δὲ
1220 3309 1287 3376 τῇ
1330 3308 1447 3378 θεῷ’
1499 3305 1775 3376 κροκωτόν
1820 3303 2200 3377 η’μφιέννυντο
2250 3347 2263 3360 .
2297 3348 2309 3360 .
2359 3309 2416 3360 et
2462 3323 2590 3360 mox
2635 3346 2649 3359 .
2687 3347 2698 3360 .
2737 3347 2749 3361 .
2798 3306 3072 3377 κροκωτόν
3130 3304 3352 3375 ἱμάτιον

668 3393 982 3464 φοροῦσανε
1027 3410 1140 3447 non
1175 3394 1423 3462 tangunt
1458 3408 1525 3447 ea
1562 3391 2262 3462 Thesmophoriazusarum
2298 3392 2404 3446 loci
2444 3391 2987 3462 interpretationem,
3023 3391 3217 3461 itaque
3257 3391 3348 3446 vel

669 3495 735 3533 ex
771 3479 877 3533 hac
910 3481 1073 3549 parte
1109 3481 1236 3533 tuta
1274 3481 1359 3534 est
1393 3480 1585 3533 nostra
1622 3478 1690 3533 de
1727 3477 2156 3548 hemidiploidio
2191 3479 2490 3534 sententia.

845 3585 862 3617 ²
901 3581 1008 3637 efr.
1053 3581 1309 3651 inprimis
1345 3581 1627 3652 Aristoph.
1677 3582 1779 3638 Av.
1824 3600 1873 3636 v.
1919 3583 2054 3635 1567
2088 3600 2194 3651 sq.:
2231 3572 2428 3641 οὗτοςΙ
2478 3582 2528 3635 τί
2572 3582 2734 3654 δρᾷς;
2782 3578 2866 3636 ἐπ’
2904 3577 3138 3653 ἀριστέρ’
3183 3578 3352 3640 οὕτως

669 3664 935 3739 α’μπέχεις
970 3672 986 3735 l
1022 3664 1086 3721 οό
1119 3669 1444 3740 μεταβαλεῖς
1465 3668 1760 3740 θοίμάτιον
1798 3657 1901 3721 (ὅδ’
1935 3667 2026 3722 ἐπὶ
2063 3668 2248 3730 δεξιά;
2286 3671 2576 3738 praeterea
2599 3668 2698 3723 Ve.
2724 3686 2774 3723 v.
2795 3667 2946 3723 1150.
3001 3667 3099 3737 Ly.
3124 3685 3176 3721 v.
3198 3667 3350 3722 1150.

669 3755 790 3810 Plu.
817 3771 868 3809 v.
894 3754 1010 3808 877.
1067 3754 1213 3809 Plat.
1245 3754 1480 3809 Phaedr.
1519 3772 1574 3824 p.
1598 3754 1666 3807 87
1703 3754 1765 3818 Β,
1800 3753 2070 3823 Hippiam
2106 3754 2327 3822 Erythr.
2364 3755 2518 3825 apud
2553 3753 2755 3810 Athen.
2793 3773 2848 3825 p.
2872 3754 2977 3809 259
2999 3771 3047 3809 c.
3084 3752 3354 3826 ἁλουργὰς

666 3842 773 3911 μὲν
827 3836 1210 3911 ἀμπεχόμενοι
1273 3838 1563 3911 περιβολὰς
1626 3838 1717 3892 καὶ
1778 3841 1918 3909 χιτιῖ
1919 3859 2018 3899 νας
2069 3840 2418 3900 ἐνδεδυκότες
2477 3840 2921 3912 περιπορφύρους
2980 3839 3353 3908 similiterque

666 3926 883 3982 Heracl.
922 3925 1139 3981 Pontic.
1185 3925 1260 3980 ib.
1311 3944 1364 3996 p.
1390 3926 1494 3980 512
1528 3926 1581 3980 b.
1623 3968 1634 3981 .
1673 3968 1685 3980 .
1726 3966 1738 3980 .
1779 3926 2022 3996 ἁλουργῆ
2064 3929 2171 3997 μὲν
2205 3927 2320 3999 γτέρ
2357 3924 2702 3998 ἠμπίσχοντο
2740 3926 2949 3999 ἱμάτια,
2992 3926 3267 3986 ποικίλους
3304 3922 3357 3978 δ’

666 4012 938 4067 ὑπέδυνον
971 4013 1223 4081 χιτῶνας.

840 4103 862 4134 ¹
900 4097 1077 4153 Unius
1114 4097 1424 4153 doctrinam
1471 4115 1661 4153 omnes
1708 4099 1973 4169 praebere
2010 4097 2227 4153 videbis
2275 4099 2411 4154 locis
2454 4103 2589 4154 ante
2636 4100 2825 4154 oculos
2867 4097 2976 4153 tibi
3013 4095 3350 4167 propositis:

667 4185 901 4240 Photius
937 4203 990 4255 p.
1025 4186 1143 4240 260.
1206 4184 1422 4249 Habet,
1465 4201 1576 4252 quo
1612 4184 1825 4240 fontem
1863 4185 2144 4240 confessus
2179 4184 2489 4256 (Ῥητορική)
2533 4185 2714 4253 Etym.
2753 4185 2943 4255 Magn.
2979 4183 3185 4238 utitur:
3221 4181 3351 4251 ἡμι-

667 4270 985 4324 διπλοίδιον·
1011 4271 1326 4339 γυναικεῖον
1349 4270 1527 4341 βραχεῖ
1549 4269 1871 4342 περίβλημα,
1909 4270 1940 4323 δ’
1965 4268 2127 4324 ἔνδον
2159 4272 2427 4342 φοροῦσιν
2449 4270 2560 4324 ὐπδ
2585 4271 2683 4325 τόν
2703 4269 2902 4341 μηρόν.
2949 4269 3186 4338 Hesych.
3212 4288 3254 4324 s.
3275 4286 3350 4325 w:

668 4357 888 4428 ἱμάτιον
932 4359 1160 4429 μικρόν,
1210 4357 1265 4410 οἱ
1315 4355 1376 4409 δὲ
1422 4351 1752 4424 ἄναβόλαιον
1802 4356 2119 4425 γυναικεῖον
2163 4356 2479 4429 σύμμετρον
2513 4358 2586 4424 (9)
2632 4352 2768 4426 ὅπερ
2816 4353 3049 4409 ἔνδοθεν
3092 4353 3349 4425 ἐφόρουν.

668 4443 847 4498 Schol.
884 4443 1271 4513 Aristophan.‚
1319 4459 1558 4511 quocum
1595 4442 1796 4498 Suidas
1839 4442 2149 4498 consentit:
2201 4441 2266 4495 τό
2303 4446 2431 4509 (om.
2471 4441 2648 4511 Suid.)
2695 4440 3011 4510 γυναικεῖον
3059 4439 3282 4511 ίμάτιον
3315 4437 3354 4508 ἦ

669 4530 797 4596 (om.
834 4526 1010 4596 Suid.)
1050 4523 1378 4595 ἅναβόλαιον
1412 4532 1706 4598 γυναικῶν.

844 4618 866 4648 ⁸
902 4614 1011 4680 Qui
1062 4632 1185 4670 cum
1230 4632 1423 4670 causas
1471 4615 1534 4670 in
1578 4616 1678 4671 illo
1727 4615 1922 4671 libello
1967 4616 2216 4670 nondum
2263 4613 2524 4670 attulerit
2567 4632 2696 4670 mox
2741 4614 2861 4685 ipse
2904 4631 3127 4684 quoque
3174 4613 3242 4668 de
3293 4630 3352 4669 rc

667 4699 934 4755 vestiaria
957 4700 1150 4756 Attica
1177 4701 1536 4756 meletemata
1567 4701 1838 4766 editurus,
1860 4702 2195 4772 argumenta
2219 4699 2338 4755 eius
2363 4699 2685 4771 praecipere
2710 4703 2933 4755 coactus
2960 4716 3123 4755 eram.
3177 4700 3349 4771 Spero

668 4802 800 4842 vero
836 4804 927 4843 me
961 4807 1074 4845 non
1109 4792 1240 4843 aeta
1275 4804 1560 4843 caesurum
1600 4804 1735 4843 esse.
