3875 5392
1625 284 2054 346 ...11-

503 469 886 536 obvertatur
972 472 1310 557 quisquam
1386 469 1562 535 haud
1641 472 1834 537 facile
1926 471 2422 557 grammaticum
2503 472 2881 557 posterioris
2958 474 3195 539 aetatis

508 576 850 669 τριβώνιον
896 584 1275 668 ceteroquin
1321 583 1403 649 de
1435 585 1732 650 virilibus
1770 590 2026 651 tantum
2066 584 2349 649 himatiis
2382 589 2767 670 usurpatum
2801 585 2906 649 hic
2937 584 3195 651 adhibi-

510 701 726 763 turum
755 695 982 776 fuisse,
1023 697 1250 781 relego
1286 702 1350 761 te
1382 696 1464 761 ad
1501 695 1874 783 Etymologi
1899 695 2186 779 Gudiani
2216 696 2395 761 vocis
2427 697 2603 760 illius
2635 697 3196 782 explicationem.²

511 806 702 873 Hanc
749 807 859 892 qui
907 807 1197 872 scribere
1244 814 1523 895 poterat,
1572 814 1749 873 certe
1797 830 1927 873 non
1977 808 2319 873 dubitabat
2362 802 2707 894 τριβώνιον
2751 829 2912 875 voce
2959 810 3194 876 mulie-

511 920 626 985 bre
687 939 944 1005 quoque
1011 919 1327 984 himation
1387 920 1780 1006 significare.
1870 920 1994 986 Est
2058 927 2278 986 autem
2336 921 2486 988 ideo
2548 920 3195 987 veridissimillimum

509 1025 853 1118 τριβώνιον
897 1032 1253 1117 genuinam
1298 1032 1651 1098 lectionem
1698 1054 1869 1111 esse,
1916 1034 2071 1119 quia
2101 1040 2400 1099 correcta
2440 1034 2562 1099 hac
2599 1054 2755 1098 voce
2804 1034 2870 1098 in
2902 1027 3202 1115 χιτώνιον

510 1145 575 1208 in
634 1144 776 1230 ipso
830 1144 944 1209 illo
1005 1163 1197 1209 versu
1252 1142 1604 1210 difficultas
1651 1145 2018 1226 oriebatur,
2081 1145 2145 1209 in
2207 1167 2336 1230 qua
2393 1147 2499 1211 vel
2559 1167 2797 1211 caecus
2859 1144 3196 1211 offendere

511 1255 825 1322 debebat:
872 1248 1155 1338 ἀμπέχει
1185 1250 1502 1337 χιτώνιον.
1579 1256 1787 1322 Immo
1820 1248 2103 1338 ἀμπέχει
2134 1251 2433 1338 χιτώνιον
2463 1258 2778 1345 scriptum
2816 1263 2976 1337 erat,
3024 1257 3197 1344 quod

513 1388 661 1433 cum
744 1389 875 1432 non
965 1366 1307 1433 ferendum
1392 1368 1722 1434 videretur
1803 1369 2010 1455 probo
2098 1368 2354 1434 cuidam
2434 1370 2839 1454 magistello,
2928 1371 3203 1434 mutavit

510 1472 808 1561 χιτώνιον
863 1479 927 1544 in
979 1474 1434 1566 τριβώνιον,·
1494 1480 1666 1566 fugit
1723 1500 1878 1544 vero
1940 1501 2088 1545 eum
2149 1501 2318 1544 nunc
2372 1480 2630 1546 duobus
2689 1483 2754 1546 in
2810 1481 2976 1547 locis
3038 1502 3199 1547 sane

514 1590 969 1657 remotioribus
1029 1592 1431 1658 offensiones
1494 1593 1740 1657 similes
1789 1594 2108 1675 existere,
2169 1614 2337 1679 quae
2401 1600 2554 1658 sunt
2604 1589 2694 1660 τὸ
2750 1586 2817 1658 δ’
2871 1586 3202 1677 ἱμάτιόν

513 1724 604 1768 σο
628 1728 660 1767 υ
683 1724 744 1769 V.
771 1705 894 1767 333
928 1710 996 1769 et
1027 1696 1451 1771 οὑνδύεται
1484 1726 1542 1771 V.
1571 1708 1715 1771 352.
1805 1704 1900 1769 Ut
1943 1705 2113 1770 bono
2161 1707 2377 1771 animo
2418 1707 2803 1792 acquiescas
2837 1706 2903 1769 in
2935 1704 3199 1770 Raven-

513 1815 687 1880 natis
733 1815 1039 1882 lectione.
1130 1816 1274 1891 Quo
1307 1824 1693 1904 argumento
1727 1818 2042 1905 subrepto
2074 1824 2146 1883 ut
2179 1820 2458 1884 alterum
2491 1840 2749 1904 quoque
2782 1818 3200 1899 labefactem,

516 1925 865 1992 ostendere
924 1928 1212 1993 conabor
1270 1949 1403 1993 non
1459 1928 1835 1993 necessario
1889 1922 2269 2013 ἔγκυκλον
2312 1949 2373 1993 v.
2421 1931 2547 1994 536
2615 1927 2894 1994 eandem
2949 1933 3199 1992 vestem

516 2039 884 2125 significare
949 2046 1146 2125 atque
1215 2032 1873 2127 ἡμιδιπλοίδιον,
1910 2061 1971 2105 v,
2016 2043 2161 2108 318.
2262 2039 2452 2114 Quod
2508 2041 2602 2105 ita
2657 2040 2899 2126 optime
2956 2040 3070 2104 fiet
3129 2044 3204 2103 ut

517 2149 890 2231 ostendam,
951 2172 1079 2237 qua
1136 2151 1218 2217 de
1266 2173 1465 2217 causa
1510 2151 1994 2239 Aristophanes
2043 2158 2111 2218 et
2156 2151 2516 2239 Blepyrum
2560 2151 3053 2239 hemidiploidio
3101 2151 3201 2215 in-

520 2264 832 2328 struxerit
874 2269 942 2330 et
984 2263 1430 2350 Praxagoram
1463 2286 1521 2328 v.
1557 2287 1611 2331 s.
1657 2264 1784 2329 alio
1839 2265 2237 2330 vestimento
2284 2265 2368 2329 ad
2414 2262 2857 2350 obtegendum
2897 2263 3202 2328 maritum

517 2381 812 2441 utentem
861 2376 1110 2441 fecerit.
1186 2375 1404 2461 Atque
1452 2376 1628 2440 illius
1659 2376 1755 2440 rei
1788 2396 1988 2440 causa
2019 2376 2329 2440 scaenica
2375 2373 2698 2461 quaedam
2732 2382 2854 2441 est.
2946 2374 3203 2461 Nempe

519 2489 853 2553 crocotula
919 2488 1009 2574 (V.
1057 2490 1202 2552 329.
1253 2486 1408 2572 332)
1472 2488 1617 2573 ipso
1690 2476 1908 2552 statim
1978 2488 2229 2567 colore,
2298 2488 2407 2573 qui
2480 2488 2765 2552 maxime
2835 2487 2901 2551 in
2933 2564 2938 2569 ⁴
2974 2488 3204 2554 oculos

520 2597 818 2680 cadebat,
863 2605 936 2665 ut
981 2599 1321 2666 muliebris
1354 2599 1560 2666 vestis
1608 2598 2166 2684 dignoscebatur:>
2197 2599 2322 2663 viri
2371 2597 2544 2663 enim
2591 2619 2924 2685 nunquam
2954 2621 3204 2683 κροκω-

517 2711 966 2798 τοφοροῦσινέ
1054 2712 1429 2778 Praebebat
1480 2716 1830 2797 praeterea
1887 2712 2066 2777 color
2109 2712 2250 2775 eius
2296 2711 2705 2775 occasionem
2748 2712 3203 2797 praeclarissi-

522 2844 693 2889 mam
725 2844 879 2890 vere
905 2823 1395 2911 Aristophaneo
1426 2844 1604 2889 more
1638 2822 1895 2889 iocandi
1928 2822 2406 2908 (κατατιλᾶνγ.
2434 2821 2612 2909 330).
2676 2821 2952 2908 Encycli
2983 2827 3206 2888 autem

522 2956 580 3000 v.
611 2938 735 3000 536
771 2937 1171 3003 mentionem
1203 2938 1403 3003 traxit
1435 2938 1831 3025 comparatio
1863 2935 2135 3023 Blepyri
2183 2956 2329 3000 cum
2360 2914 2616 3000 mortuo
2647 2936 2713 2999 in
2747 2936 2919 3001 lecto
2952 2935 3207 3000 funebri

523 3046 952 3136 προκειμένῳε
993 3051 1229 3115 mortui
1261 3050 1432 3116 enim
1463 3049 1732 3114 himatio
1764 3048 2183 3134 obteguntur,
2218 3054 2285 3113 et
2316 3048 2548 3112 mirum
2580 3047 2831 3129 fuisset,
2868 3048 2923 3112 si
2952 3046 3204 3112 Praxa-

523 3180 705 3245 gora,
752 3182 898 3226 cum
943 3160 1211 3228 adesset
1255 3163 1317 3227 ei
1363 3162 1702 3241 himation,
1750 3161 2014 3227 chitone
2060 3161 2278 3247 potius
2312 3161 2518 3224 virum
2570 3160 2954 3246 obtegisset,
3003 3161 3207 3224 multo

524 3271 739 3338 minus
803 3274 1038 3339 idoneo
1098 3274 1182 3340 ad
1237 3274 1406 3339 hanc
1466 3295 1623 3340 rem.
1686 3311 1766 3322 -
1832 3272 2041 3360 Spero
2100 3293 2256 3338 vero
2318 3294 2449 3337 non
2509 3272 2646 3337 fore
2706 3271 2815 3357 qui
2867 3277 3002 3336 tam
3046 3270 3209 3335 nihil

527 3386 846 3450 libertatis
915 3386 1213 3472 poeticae
1273 3386 1704 3472 Aristophani
1780 3383 2280 3449 condonandum
2350 3390 2617 3470 putent,
2693 3390 2765 3451 ut
2828 3384 3008 3449 nullo
3077 3383 3208 3448 alio

528 3497 919 3563 vestimento
966 3498 1322 3584 Blepyrum
1381 3519 1498 3584 pro
1559 3505 1697 3564 tota
1758 3519 1975 3563 rerum
2039 3497 2421 3563 condicione
2469 3518 2540 3562 se
2599 3496 2865 3561 amicire
2912 3495 3207 3582 potuisse

530 3610 943 3691 contendant,
978 3631 1172 3697 quam
1206 3632 1307 3693 eo,
1342 3609 1516 3698 quod
1544 3610 1927 3695 Praxagora
1958 3610 2021 3675 ei
2048 3609 2472 3696 imposuerat.
2538 3607 2712 3683 Quid
2744 3608 2962 3672 enim?
2995 3628 3208 3699 nonne

532 3733 787 3740 ...Μ-
816 3734 931 3741 ·,--.

707 3800 723 3830 ¹
762 3796 948 3852 Verba
973 3802 1250 3869 corrupta,
1276 3815 1492 3853 sensum
1522 3802 1711 3853 tamen
1736 3797 1899 3852 facile
1925 3798 2260 3867 assequeris:
2289 3796 2573 3870 τριβώνιον
2597 3799 2694 3851 τοῦ
2720 3797 2918 3867 ῥάκους
2941 3796 3210 3867 διαφέρει·

529 3883 613 3938 ὅτι
658 3883 942 3956 τριβώνιον
985 3886 1092 3954 μέν
1140 3885 1253 3939 ἐστι
1297 3886 1362 3940 τό
1412 3882 1774 3954 ἀποβεβληκός
1819 3886 1914 3937 τοῦ
1956 3883 2151 3955 κροκίδ
2185 3925 2197 3937 .
2238 3925 2249 3938 .
2287 3887 2382 3953 τῆς
2415 3886 2598 3955 βαφῆς
2634 3883 2768 3955 lucit
2807 3925 2819 3937 .
2859 3925 2870 3937 .
2912 3925 2923 3937 .
2961 3883 3118 3954 παριέ
3148 3882 3212 3937 τό

531 3969 839 4044 τετρίφθαι·
878 3969 1041 4040 ῥάκος
1075 3970 1134 4023 δὲ
1170 3971 1235 4025 τό
1269 3971 1565 4045 διερρωγός
1601 3972 1710 4025 κτλ.
1749 3974 1828 4025 et:
1874 3970 2161 4042 τριβώνιον
2197 3971 2428 4024 ἕκαστον
2462 3970 2691 4024 πάλλων
2725 3968 2816 4023 καὶ
2853 3971 3213 4042 τετριμμένον

530 4056 783 4122 πάλλων,
836 4051 945 4108 cino*
980 4055 1089 4127 γάρ
1124 4059 1220 4127 τῆς
1253 4059 1435 4129 τριβῆς
1469 4055 1559 4110 καὶ
1598 4059 1696 4110 τοῦ
1728 4057 2026 4129 τετρῖφθαι
2073 4059 2298 4127 εἴρηται.
2340 4086 2404 4095 -
2441 4057 2656 4113 Revera
2691 4057 2878 4110 autem
2917 4056 3212 4109 mulierum

531 4141 773 4197 bimatia
809 4141 1065 4213 τριβώνια
1103 4146 1301 4198 vocata
1344 4160 1462 4198 esse
1495 4174 1561 4183 --
1587 4143 1633 4198 si
1670 4144 2007 4215 τετριμμέντι
2043 4144 2205 4197 erant
2232 4172 2294 4182 -
2323 4142 2394 4196 ab
2431 4141 2654 4205 Atticis,
2689 4141 2857 4196 doceb
2894 4140 2949 4195 G'.
2971 4141 3017 4196 I.
3037 4141 3106 4195 A.
3143 4140 3213 4195 Π.

532 4247 586 4282 n.
621 4229 738 4285 754.
774 4246 825 4284 V.
845 4229 937 4283 22:
976 4229 1212 4297 Glycera
1235 4230 1449 4284 Dianae
1475 4232 1698 4300 praeter
1729 4229 2060 4299 χιτωνίσκον
2084 4228 2416 4299 περιήγητον
2439 4227 2682 4298 ἐκπλύτῳ
2709 4227 2974 4297 ἁλουργεῖ
2989 4226 3215 4281 dedicat

534 4314 938 4391 rptssaivmoch‘o.
1010 4315 1223 4370 Dianae
1266 4318 1457 4370 autem
1502 4316 1801 4370 muliebria
1850 4318 2074 4369 tantum
2109 4313 2448 4368 vestimenta
2482 4313 2837 4377 <indicantum
2884 4313 2932 4368 si
2968 4312 3213 4367 virorum

533 4404 634 4455 aut
681 4401 1035 4471 parvulorum
1082 4405 1241 4467 sunt,
1288 4403 1393 4457 hoc
1437 4402 1495 4455 in
1542 4401 1726 4456 titulis
1772 4401 1887 4455 illis
1929 4400 2266 4455 adnotatur:
2313 4400 2543 4470 ἱμάτιον
2585 4395 2840 4471 ἀνδρεῖον
2877 4399 2994 4454 754.
3041 4414 3092 4453 v.
3128 4398 3214 4462 47,

531 4486 853 4556 χιτωνίσκος
889 4482 1138 4558 ἀνδρεῖος
1172 4490 1291 4545 750.
1327 4489 1386 4544 Β.
1428 4489 1496 4543 ΙΙ.
1540 4507 1591 4543 v.
1628 4489 1710 4542 26.
1751 4488 1869 4542 751.
1907 4488 1969 4542 Β.
2007 4487 2049 4540 Ι.
2087 4505 2138 4541 v.
2179 4488 2260 4550 13,
2302 4486 2652 4556 χιτωνίσκων
2687 4484 3050 4556 (χιτωνίσκος)
3087 4502 3216 4537 παι-

535 4571 684 4625 δεΐον
709 4571 973 4640 (παιδίου)
1012 4573 1127 4628 754.
1153 4592 1202 4629 v.
1229 4576 1314 4630 28.
1341 4592 1393 4629 v.
1418 4576 1502 4639 58,
1540 4573 1762 4645 ἱμάτων
1786 4573 2039 4627 παιδεῖον
2064 4572 2161 4628 751
2191 4571 2252 4627 Β.
2280 4573 2321 4627 Ι.
2347 4591 2397 4627 v.
2427 4573 2473 4636 7,
2507 4571 2827 4642 χλανίσκιον
2849 4569 3073 4624 παιδίου
3098 4569 3215 4624 754.

537 4675 586 4711 v.
612 4659 695 4712 40.

709 4757 730 4788 ²
767 4753 872 4809 cfr.
910 4754 1532 4819 Hermann-Bluemner,
1574 4752 2119 4808 Primatum-thaem-
2153 4769 2207 4821 p.
2231 4753 2350 4805 289.
2388 4770 2441 4804 n.
2469 4755 2516 4806 1.
